3794 6120
68 277 142 339 1053
339 277 592 339 minorentur
611 280 804 341 sibottonis
823 279 1057 338 retenentes
1076 282 1430 342 tnrenrnersrtonee.
1633 284 1719 342 rust*

67 392 237 447 extrinsecus
251 397 348 459 ornat,
368 391 494 460 qnoniam
510 401 623 448 conatur
641 393 784 449 luculentia
805 407 861 448 scr·
878 394 966 456 Anisi
982 404 1010 452 et
1024 396 1093 453 idem
1109 397 1166 466 ipsc
1182 398 1225 452 dat
1242 409 1335 468 petra,
1350 410 1431 469 queat
1445 399 1639 457 internoscere.
1656 402 1705 458 iol

68 483 158 536 irruitis
172 481 281 536 edicere
295 483 321 536 id
337 482 407 553 quod
421 498 474 539 non
488 482 560 540 raiet
576 484 659 553 gratia
674 483 760 540 sancti
775 483 862 550 Spiri-
915 494 989 542 certe
1002 488 1073 541 tiam
1085 487 1188 542 colubri
1209 502 1289 557 snpra
1305 497 1408 556 petram
1421 502 1452 544 se
1472 489 1577 544 nescire
1597 490 1706 559 prolite-

66 588 113 632 tus
127 592 240 633 monere
255 579 393 648 supplere.
408 578 483 648 Quod
498 581 521 636 si
535 580 679 651 aliqnando
692 582 748 637 suis
760 581 864 636 semitis
916 588 968 644 tur,
985 578 1109 648 quoniam
1125 595 1157 633 an
1173 594 1253 636 causa
1270 580 1435 650 probationis
1449 596 1497 638 acu
1513 583 1706 653 peremptionis

63 675 222 744 quempiam
237 675 410 730 resistentem
425 675 575 740 invenerit,
591 683 702 739 repente
715 673 802 744 potius
817 689 864 741 pro
913 668 988 738 rjus,
1002 686 1082 740 quem
1097 671 1270 737 obambulat,
1287 672 1426 727 condictas
1442 673 1631 738 insurrexerit,
1647 689 1707 732 om·

62 764 236 833 garrulitatis
249 764 445 822 consuetudine
458 781 538 833 quam
553 763 693 821 virationis
717 767 863 835 perspicuae
914 765 978 816 nino
991 766 1085 832 nescit.
1103 764 1179 834 erod
1195 765 1217 820 si
1232 767 1274 821 rel
1290 765 1423 835 paulisper
1439 773 1562 822 tentatori
1576 770 1706 838 cesserit,

65 857 155 926 ipsunt
176 865 289 912 attentat
308 871 447 926 superare.
464 858 551 928 Vagus
566 873 630 913 reru
650 872 710 914 esse
730 857 863 926 dignosci·
913 853 972 922 qnis
986 870 1077 921 queso
1092 857 1244 912 mortalium
1266 857 1291 911 id
1312 859 1382 912 scire
1396 859 1525 925 potirerttt
1548 859 1613 914 item
1634 859 1704 916 lrand

66 959 130 1015 run
146 950 209 1018 quia
224 963 304 1018 quern
319 949 431 1018 spiritus
445 952 546 1005 erroris
561 951 662 1015 tranis,
678 949 776 1004 mentis
791 963 863 1004 sanis
912 942 992 999 aliter
1010 948 1149 1018 quisquam
1168 948 1218 1004 iter
1233 949 1307 1004 navis
1321 949 1430 1005 linctum
1450 950 1531 1005 maris
1544 951 1705 1020 dirimentis,

63 1040 240 1096 stabilitatem
260 1055 427 1110 nequaquam
443 1042 527 1096 norit.
545 1041 609 1098 Sire
624 1056 706 1110 tagus
722 1042 790 1095 bene
803 1054 863 1096 esse
912 1037 1048 1096 obtutibus
1062 1041 1189 1098 numanis
1205 1043 1309 1113 legere,
1324 1053 1464 1114 postquam
1479 1045 1534 1114 ipso
1549 1044 1705 1110 transierit,

63 1131 176 1196 diciurr,
188 1130 313 1201 quoniam
326 1131 414 1186 omnis
424 1132 469 1202 qui
484 1132 581 1187 lineam
595 1131 714 1187 veritatis
726 1131 863 1187 declinare
913 1129 1061 1186 ullomodo
1076 1134 1256 1201 praevalescit.
1271 1135 1336 1201 Quae
1352 1144 1393 1190 est
1406 1149 1471 1204 ergo
1487 1136 1562 1189 nauis
1577 1135 1638 1200 ista,
1654 1135 1705 1189 nisi

63 1224 157 1292 gestit,
172 1231 279 1279 constat
294 1223 373 1291 plane
386 1225 450 1294 qnia
464 1224 622 1280 diverticula
634 1224 742 1281 direrso
756 1225 862 1281 tramite
913 1221 1074 1291 praedicator
1087 1224 1193 1295 aliquis,
1205 1225 1283 1294 cuius
1295 1226 1418 1281 reiriculo
1430 1226 1462 1281 ad
1479 1235 1584 1295 portum
1596 1235 1706 1282 reternre

65 1311 185 1383 ingitans
204 1312 325 1383 inquirit.
340 1313 440 1383 Vagus,
464 1313 525 1384 qnia
540 1312 706 1370 diversarum
728 1323 861 1371 sectarum
912 1314 1009 1381 quietis
1024 1319 1257 1385 perstrepentibus
1277 1318 1396 1388 undique
1416 1316 1541 1389 procellis
1556 1327 1708 1375 tumescen-

64 1404 177 1474 laqueos
198 1405 297 1472 nectit,
323 1406 421 1477 quibua
442 1407 547 1464 animas
571 1407 735 1479 simplicium
759 1408 863 1466 irretire
912 1405 946 1460 tis
961 1407 1048 1476 pelagi
1063 1407 1265 1465 trartsierimurl
1289 1408 1342 1465 ists
1363 1409 1489 1464 nimirum
1504 1412 1613 1465 semitas
1626 1409 1708 1464 maris

64 1497 160 1567 possit.
176 1497 229 1553 lste
241 1497 366 1554 nimirum
380 1500 479 1570 quietis
493 1498 638 1570 impatiens
652 1516 713 1558 esse
727 1515 861 1557 memora·
911 1498 1049 1553 stertentis
1065 1501 1250 1569 perambulat,
1267 1501 1330 1556 dunt
1343 1501 1440 1556 dinetus
1453 1500 1630 1555 bumanorum
1645 1513 1708 1553 cor·

64 1596 122 1657 tarr,
137 1589 198 1657 quia
213 1592 343 1648 terminos
355 1591 464 1649 Parrum
481 1595 693 1666 transgreditur;
711 1604 740 1651 et
754 1611 813 1666 qua
827 1595 863 1651 sie
910 1585 984 1642 diurn
1004 1589 1119 1661 remigio
1140 1591 1340 1658 predicationis
1359 1590 1487 1648 dissecat.
1507 1591 1573 1660 Quis
1589 1604 1654 1660 ergo
1667 1589 1709 1648 di·

63 1693 129 1736 vera
143 1681 231 1750 quies,
251 1696 339 1753 qnore
353 1685 434 1740 modo
446 1687 630 1756 conquiratur,
646 1689 732 1756 ruptis
749 1688 859 1743 baneriis
911 1693 1038 1737 scernere
1048 1693 1129 1753 quent
1142 1694 1272 1752 quariturn
1287 1684 1340 1740 iste
1351 1683 1481 1755 nauigans
1496 1683 1522 1738 in
1536 1680 1707 1739 mediomari

63 1770 219 1840 interdie,
235 1773 378 1844 impatiens
392 1775 451 1846 ipse
466 1775 492 1832 in
515 1792 635 1847 precem
651 1778 735 1835 fertur
750 1796 757 1832 :
775 1778 860 1834 nescit
876 1744 898 1805 Β
912 1773 1049 1842 pronciat,
1073 1784 1102 1830 ut
1122 1775 1219 1830 exinde
1232 1776 1345 1845 uestigia
1367 1775 1488 1831 decursae
1508 1774 1707 1845 predicationis

65 1864 245 1934 ignorantiam
259 1867 331 1922 circa
346 1868 475 1924 nonnulis
495 1885 584 1926 rerunt
598 1887 660 1941 qnae
681 1872 858 1940 psrspicnita-
910 1867 1063 1936 resculpere
1083 1870 1206 1938 satngati
1227 1871 1323 1926 Cernis
1344 1885 1441 1941 nempe
1459 1877 1595 1925 tumentes
1610 1869 1707 1925 ductos

64 1964 122 2011 tem
146 1955 271 2013 bumana
291 1958 390 2016 menne
409 1962 617 2028 muscetanum
640 1963 710 2032 apud
731 1977 762 2018 se
782 1963 858 2034 quart
910 1956 983 2012 iilum
998 1967 1152 2024 secantem,
1165 1963 1253 2017 sentis
1267 1963 1331 2016 item
1352 1963 1489 2031 suspensis
1505 1964 1571 2019 reiis
1590 1961 1707 2031 Spiritus

61 2046 137 2101 dorni
151 2062 205 2102 non
218 2049 291 2105 ralet
304 2058 388 2121 stare,
402 2051 451 2107 sed
465 2052 583 2110 dirersis
597 2053 783 2112 allectionibus
799 2073 859 2124 pro·
909 2052 993 2105 sancti
1015 2050 1107 2108 farore
1129 2055 1266 2122 aspirante
1290 2069 1449 2124 prosperum
1472 2053 1524 2110 iter
1544 2053 1578 2109 ad
1602 2062 1708 2111 mentes

63 2149 170 2206 rectus,
181 2141 259 2210 quasi
276 2141 389 2211 pedibus
404 2158 451 2214 per
465 2144 600 2200 animetur
614 2147 858 2218 perpenpenditur,
910 2142 1076 2199 audientium
1088 2146 1213 2200 cumdem
1225 2147 1299 2201 illum
1315 2155 1534 2216 prosequentem,
1545 2145 1592 2202 sed
1607 2153 1707 2214 quanta

62 2230 114 2287 llst
129 2239 158 2286 et
173 2231 224 2286 alia
243 2233 340 2288 domus
352 2233 387 2290 de
401 2249 454 2305 qua
470 2235 580 2291 nelariis
594 2236 698 2293 actibus
711 2238 857 2307 egreditur,
908 2233 944 2287 sit
966 2233 1086 2291 alicacia
1108 2237 1134 2291 in
1156 2246 1282 2307 utroque,
1304 2239 1395 2294 moriri
1417 2241 1521 2309 nequis.
1544 2236 1608 2294 Sira
1629 2234 1705 2291 naris

62 2323 185 2379 Ecclesia
208 2323 342 2394 videlicet,
368 2330 491 2396 quamvis
511 2329 537 2383 iq
559 2343 591 2384 se
613 2330 746 2398 corporati
769 2334 860 2400 specte
909 2323 1077 2396 fluctivagam
1103 2338 1220 2384 mentem
1250 2329 1395 2394 cuiuslibet
1424 2327 1542 2385 bominis
1561 2337 1707 2399 praenotat,

64 2415 166 2470 m0t³t¹
182 2415 310 2473 rideatur.
329 2419 473 2489 Propterea
493 2423 566 2492 ponit
587 2422 699 2479 iusidias
714 2424 747 2479 iis
759 2424 804 2494 qui
820 2422 859 2480 lo-
908 2414 985 2486 cujns
1000 2416 1109 2486 quidem
1123 2418 1202 2485 riam,
1219 2420 1397 2476 intentionem
1412 2420 1516 2475 seilicet
1529 2435 1580 2489 qua
1596 2435 1707 2490 promn-

61 2511 181 2566 rensinm
200 2526 290 2568 rerum
311 2516 418 2585 negotia
435 2515 607 2586 dispensant,
630 2518 693 2572 item
712 2515 772 2572 aliis
790 2533 859 2588 quos
908 2517 986 2563 vetor
998 2510 1031 2563 ²¹¹
1047 2511 1201 2566 utramlibet
1216 2520 1336 2582 [bilem.
1353 2525 1464 2583 lll0i⁵¹¹⁸
1482 2509 1600 2594 lentim:
1624 2508 1707 2564 Vidffi

62 2599 178 2658 latitudo
200 2604 262 2660 ritae
285 2607 404 2663 carnalis
428 2607 529 2675 allicit,
558 2608 728 2679 disciplinam
756 2611 857 2678 tendir;
909 2618 1006 2674 nempe
1028 2619 1156 2675 prospero
1176 2604 1467 2668 circumlucentem:
1491 2613 1619 2659 ancone
1642 2617 1707 2657 Μϋ-

60 2693 127 2749 dein
137 2696 247 2753 ceteris
255 2699 301 2767 qui
315 2697 488 2767 frequentant
498 2701 613 2770 angulos
623 2703 774 2758 tetrebrosae
787 2705 858 2772 rita,
909 2694 1024 2764 sibilum
1040 2697 1109 2752 3⁰10?
1124 2696 1257 2765 l¹⁰⁰0¹¹²⁵
1271 2709 1397 2764 l²⁸⁸¹¹f¹¹⁵
1408 2694 1462 2760 sit,
1476 2707 1510 2748 ²¹¹
1527 2692 1706 2762 milduni·

62 2785 187 2842 tatteoeis
206 2787 315 2845 insistit.
336 2789 399 2846 sne
418 2805 465 2861 per
484 2791 617 2860 tripticem
637 2793 719 2850 strom
739 2796 858 2850 tororum
909 2786 943 2841 rra
967 2787 1054 2856 portui
1080 2787 1165 2857 possit
1188 2786 1343 2856 applicare.
1367 2785 1477 2854 ignarus
1501 2785 1603 2840 errsns.
1627 2783 1706 2838 sirm

60 2892 116 2932 non
142 2878 289 2949 incongrue
313 2880 461 2950 tripertitus
499 2882 652 2940 intellectus
678 2898 763 2940 sacrae
786 2883 859 2940 Suri·
907 2881 979 2936 enirn
1000 2879 1160 2949 sequacibus
1178 2881 1288 2936 estibus
1308 2881 1382 2951 ponti
1405 2880 1431 2936 id
1451 2880 1522 2951 qnod
1539 2888 1614 2951 parte
1630 2881 1704 2935 uaris

60 2976 149 3039 pluras
169 2977 258 3037 potest
278 2970 400 3041 intelligi.
415 2970 492 3028 Foris
507 2987 622 3043 namque
638 2971 781 3030 berctinus
793 2973 858 3028 insi·
908 2973 1044 3029 anteriore
1062 2982 1165 3028 metum
1185 2974 1289 3037 luerat,
1305 2972 1445 3037 obruitur:
1467 2974 1502 3028 ita
1523 2988 1632 3044 gressus
1655 2975 1705 3027 ltn-

59 3059 161 3128 diatur,
173 3077 235 3118 cunr
250 3063 413 3133 simplicium
427 3065 527 3134 corda,
544 3080 611 3136 qnos
625 3067 673 3121 alit
688 3067 798 3123 ltistoria
812 3068 857 3124 lit·
912 3079 997 3120 ruanae
1009 3065 1071 3120 sitm
1086 3063 1184 3120 lineam
1200 3064 1374 3131 intentionis,
1392 3066 1471 3135 cujus
1485 3065 1599 3134 impulsa
1614 3065 1703 3121 anima

61 3161 143 3217 tere,
164 3165 225 3208 eam
245 3156 428 3223 pervertendo
446 3155 573 3227 decipere
592 3158 703 3215 molitur
718 3176 727 3214 a
744 3175 858 3229 cunique
912 3167 1041 3224 rectatur,
1057 3157 1149 3214 delere
1163 3157 1330 3225 probibstnr.
1346 3157 1475 3227 Quartum
1489 3158 1619 3228 sequitur,
1632 3157 1703 3226 qnod

59 3243 231 3302 latitudinem
246 3247 382 3319 allegorias
397 3259 537 3321 peragrat,
553 3251 691 3307 multoties
713 3252 775 3308 inde
791 3267 859 3306 non·
909 3251 1015 3319 penitus
1034 3263 1097 3307 sese
1114 3249 1181 3306 dicit
1201 3249 1336 3320 ignorare.
1356 3250 1421 3317 Quis
1437 3250 1508 3304 enim
1523 3257 1625 3305 certam
1649 3265 1705 3303 me-

58 3336 133 3394 nulla
157 3337 290 3408 excerpit,
313 3354 373 3412 qum
393 3339 455 3396 ddei
478 3341 614 3398 contraria
634 3357 696 3398 esse
716 3342 859 3398 multitudo
909 3347 963 3394 taut
979 3339 1089 3396 iubricae
1104 3341 1192 3396 aetatis
1206 3338 1379 3397 considerare
1395 3341 1478 3407 valet,
1493 3356 1552 3409 que
1567 3337 1642 3410 qnasi
1656 3339 1705 3393 lla·

59 3430 180 3486 bdelium
198 3431 438 3500 protestarentur
453 3448 518 3490 tero
532 3442 640 3490 rentum
654 3445 696 3490 est
709 3434 743 3490 ad
759 3443 859 3490 morta·
908 3429 956 3486 bra
967 3439 1111 3487 ventorum
1120 3431 1248 3488 aliorsum
1259 3430 1576 3502 deflectiturilneuntem
1584 3439 1704 3496 etatsrn,

58 3523 144 3580 litatis
158 3521 274 3593 species,
295 3523 357 3594 quia
377 3524 485 3582 diverso
505 3528 615 3581 tramite
635 3541 684 3597 pro
704 3526 859 3581 diversitate
909 3523 988 3592 cuius
1001 3524 1098 3580 levitas
1112 3540 1192 3595 quam
1208 3524 1330 3596 pluribus
1344 3535 1407 3581 nota
1419 3534 1477 3588 est,
1494 3537 1706 3595 praetereamus,

57 3617 214 3673 mortalium
236 3617 455 3689 compinguntur,
479 3619 605 3675 similiter
625 3619 732 3677 enitens
754 3619 857 3690 aliquid
907 3616 993 3672 altera
1009 3633 1074 3674 vero
1089 3633 1169 3688 quam
1182 3619 1218 3675 sit
1230 3619 1342 3685 nocira,
1356 3632 1491 3688 quamque
1505 3620 1705 3688 peremptoria.

55 3709 159 3765 ibidem
171 3709 321 3782 depravare
331 3713 497 3768 consuescit.
907 3707 973 3778 quia
988 3707 1080 3776 paucis
1091 3707 1254 3779 divulgatur,
1266 3707 1411 3763 admodum
1423 3707 1628 3776 precavendum
1643 3720 1706 3761 ease

239 3815 267 3858 nr
285 3818 372 3859 cisne
392 3820 444 3859 m
464 3820 678 3862 smirneorum
907 3795 1035 3853 Salomon
1049 3794 1184 3864 bortatur,
1202 3796 1267 3852 dutn
1283 3797 1341 3864 eius
1355 3797 1510 3868 perplexam
1526 3796 1595 3851 riam
1611 3811 1641 3852 se
1655 3811 1704 3852 ne-

93 3888 159 3946 Trin
173 3902 232 3947 sart
244 3894 360 3964 difficilis
370 3893 444 3957 stibi,
457 3904 480 3950 et
494 3904 616 3966 quartam
629 3895 729 3964 pertitus
743 3893 856 3965 ignore:
906 3885 977 3941 “5¹⁶
990 3899 1069 3954 ΡΜ
1083 3885 1233 3954 mmm·
1250 3883 1345 3940 ⁰¹¹¹⁰5⁸
1359 3884 1441 3955 Ῑῑῑωῐ
1455 3884 1598 3941 limum
1613 3884 1649 3938 ⁰¹)
1664 3885 1704 3940 ¹³·

55 3982 127 4037 m
139 3984 234 4052 ψεαρ
246 3988 272 4039 re
284 3984 359 4051 ento,
374 3987 442 4040 eram
455 3985 554 4041 calpen·
567 4001 645 4056 ‚uper
659 3994 775 4053 peram,
789 3987 856 4040 naq,
906 3978 1017 4033 ritatem
1027 3977 1175 4046 animi,qui
1187 3976 1374 4033 circumlertur
1384 3974 1457 4030 omni
1469 3984 1549 4031 rento
1559 3975 1700 4041 doctrinm,

55 4074 132 4128 seris
145 4074 173 4128 in
186 4075 269 4129 medio
287 4076 369 4142 mari,
384 4084 408 4130 et
422 4076 488 4130 oiurn
502 4076 551 4130 uiri
568 4075 596 4130 itt
611 4075 783 4130 adolescentie
796 4091 854 4132 sua.
906 4084 961 4126 non
981 4069 1079 4140 injuria
1093 4069 1253 4126 adolescens
1273 4076 1450 4139 nuncupatur.
1467 4067 1598 4137 Censetur
1618 4069 1700 4122 etiarn

55 4163 166 4233 Aquilae
180 4165 311 4221 vocabulo
325 4166 440 4235 quilibet
458 4165 604 4237 spiritualis
624 4166 666 4221 vir
684 4165 852 4236 designatur,
907 4163 1017 4218 noudne
1031 4163 1091 4228 riri,
1106 4177 1140 4219 en
1155 4161 1225 4233 quod
1242 4161 1340 4233 ingenii
1354 4160 1440 4218 uirilis
1453 4160 1591 4214 solertiam
1606 4170 1701 4213 nactus

55 4256 105 4327 qai
120 4271 197 4314 more
209 4261 266 4314 aris
282 4259 399 4328 praelatae
414 4261 499 4316 aciem
519 4261 658 4316 oculorum
679 4274 797 4330 superno
810 4275 856 4317 so·
905 4259 950 4314 sit.
968 4256 1053 4328 liujus
1067 4255 1194 4311 nimirurn
1213 4255 1308 4310 semita
1330 4262 1370 4309 tot
1389 4262 1416 4309 et
1437 4254 1519 4307 tantis
1536 4249 1703 4305 anfractibus

55 4347 77 4403 li
100 4348 218 4418 reingere
243 4350 348 4406 nititur.
375 4351 459 4422 Cujus
494 4367 560 4408 vero
586 4366 745 4423 progressus
774 4366 855 4407 uento
907 4348 1025 4416 undique
1039 4347 1181 4418 premitur,
1193 4344 1263 4414 qnod
1277 4359 1338 4399 cum
1349 4358 1408 4398 eam
1422 4341 1554 4412 vestigare
1567 4339 1700 4408 molieris,

53 4438 219 4510 dignoscere
231 4450 328 4511 potest,
344 4443 472 4513 qnoniam
494 4459 546 4499 nou
566 4455 608 4500 est
620 4445 760 4514 corporale
775 4444 851 4515 quid·
870 4440 1008 4512 [tntillum
1024 4439 1165 4510 vestigium
1186 4437 1273 4490 eidem
1295 4434 1455 4503 impressum
1478 4432 1637 4501 plerumque
1660 4446 1704 4485 re·

54 4547 139 4599 qnam
154 4530 209 4600 ilri,
224 4534 294 4590 unde
316 4535 480 4605 possibilitas
492 4537 608 4605 cuipiam
628 4537 795 4609 relinquatur
806 4553 853 4592 cu·
905 4532 993 4600 perne
1017 4529 1113 4600 possis.
1134 4530 1198 4583 Acta
1226 4525 1363 4580 Metticllaei
1389 4524 1508 4594 require,
1532 4532 1560 4576 0²
1585 4522 1703 4577 m³¹5¹¹¹0

52 4622 102 4694 jus
116 4623 243 4693 suffragio
257 4626 398 4697 vestigium
413 4628 509 4698 aquile
524 4629 648 4699 persequi
663 4631 776 4684 valeat:
798 4630 853 4696 spi·
903 4621 1044 4690 epistolant
1066 4635 1126 4687 quae
1146 4616 1243 4673 dicitur
1264 4615 1481 4672 fundamentum·
1508 4613 1608 4668 ibidem
1635 4626 1702 4667 ⁸³⁰0

54 4715 163 4772 ritualis
187 4718 285 4786 qnippe
310 4718 412 4788 judicat
439 4721 539 4789 omnia,
568 4727 597 4774 et
623 4719 680 4789 ipse
703 4735 719 4774 a
745 4719 853 4775 nemine
905 4715 974 4769 riam
990 4717 1034 4767 ris
1049 4711 1165 4779 cuipiam
1181 4706 1380 4780 vestigabilem,
1394 4715 1547 4762 monstroso
1562 4702 1640 4775 pede,
1657 4717 1702 4756 so·

52 4805 203 4878 judicatur.
226 4807 344 4862 lirrlcnlo
366 4823 481 4876 namque
501 4805 736 4878 contemplationis
757 4808 850 4863 sentiri
903 4804 980 4862 lertia
998 4802 1120 4875 pervigili
1136 4804 1226 4856 tritam
1241 4801 1373 4859 inuenies.
1390 4799 1445 4855 lloc
1458 4802 1557 4869 qnippe
1569 4795 1697 4851 Salernmr

53 4905 164 4967 potest,
179 4897 227 4952 sed
241 4896 354 4953 lorruam
369 4899 526 4955 imitationis
538 4898 744 4970 haudquaquam
759 4899 850 4956 babet.
902 4899 1027 4970 ignorat,
1043 4896 1114 4950 nude
1129 4893 1206 4949 alteri
1220 4893 1373 4948 mortalium
1389 4900 1463 4946 tanta
1478 4887 1613 4944 subtilitas
1629 4884 1701 4954 pteri-

53 4989 137 5046 lland
154 4993 291 5046 secueris
311 4993 415 5049 colubri
435 4994 489 5050 gibi
511 5003 574 5050 nota
592 5005 651 5060 nst,
669 5009 749 5063 quam
771 5007 851 5064 supra
902 4987 946 5041 tim
960 4984 1108 5057 prevenisti,
1123 4982 1200 5039 alteri
1216 4981 1350 5037 hebetudo
1365 4980 1462 5034 metitis
1478 4977 1619 5039 inbercat,
1635 4987 1699 5028 ctttn

55 5091 166 5154 petrem
178 5083 266 5139 lacere
279 5086 357 5140 solet.
369 5085 421 5141 Per
434 5095 536 5155 petram
551 5085 672 5140 soliditas
685 5085 788 5149 cordis,
803 5100 851 5154 per
902 5086 1015 5146 liberque
1037 5076 1170 5146 particeps
1195 5073 1307 5128 talionis
1330 5069 1438 5126 elisisti.
1464 5063 1560 5121 Nullus
1585 5063 1702 5119 inierint

53 5171 162 5227 colubri
177 5188 374 5244 verogressum
391 5175 647 5246 suppositorumque
661 5176 770 5244 spiritns
784 5175 852 5242 tgu-
901 5169 987 5225 altero
1006 5167 1077 5227 cirea
1100 5166 1214 5222 lormarn
1233 5172 1276 5222 est
1295 5163 1392 5218 dirtos
1412 5171 1525 5225 nature,
1545 5157 1605 5212 sine
1618 5155 1699 5223 cuius

52 5273 145 5320 ratur.
170 5264 305 5321 interdum
326 5267 451 5338 antiquus
472 5281 586 5335 serpens
605 5268 730 5324 cordibus
750 5266 851 5322 electo-
901 5264 1003 5320 lumine
1017 5262 1106 5318 abdita
1127 5259 1247 5315 veritatis
1262 5271 1342 5313 nemo
1357 5262 1584 5325 potcstcernerei
1608 5258 1636 5303 ⁰¹
1656 5257 1698 5301 Μ·

52 5372 118 5413 rom
134 5359 220 5425 turpia
235 5360 414 5430 suggerendo,
431 5360 626 5430 vestigiurnsui
642 5358 744 5415 eisdem
759 5358 852 5426 impri-
901 5370 963 5411 men
988 5354 1116 5424 pleraque
1140 5351 1340 5419 Scripturarum
1370 5352 1477 5399 secreta
1504 5351 1695 5441 nonnunquam

50 5460 133 5503 mere
157 5446 259 5503 nititur.
283 5448 417 5505 Ceterum
442 5449 493 5520 ipsi
514 5463 596 5518 supra
620 5450 725 5505 lismam
747 5460 850 5520 petram
901 5445 1034 5502 hereticis
1059 5442 1219 5512 panduntur,
1244 5450 1305 5508 quae
1330 5434 1372 5490 rei
1397 5431 1528 5503 religiosis
1543 5429 1609 5483 rins
1633 5428 1700 5482 abs-

49 5539 178 5607 landari,
193 5541 287 5598 violari
303 5541 537 5610 nequeuntibus
552 5539 849 5610 itinerispestiieriso·
902 5535 1063 5594 conduntur.
1080 5533 1129 5588 Est
1149 5539 1176 5588 et
1194 5529 1263 5585 aiios
1283 5525 1445 5592 intellectos,
1471 5522 1517 5593 qni
1530 5519 1696 5625 competenti

48 5634 162 5704 scipcre
172 5638 304 5692 nesciunt.
316 5638 382 5706 Qua
395 5651 439 5692 res
454 5636 544 5706 utique
559 5635 622 5690 nulli
635 5634 744 5705 cognitu
760 5634 850 5702 persia
902 5631 1006 5690 ratione
1019 5627 1053 5685 ad
1067 5638 1207 5696 personam
1221 5620 1322 5678 Christi
1338 5617 1464 5675 retertur.
1484 5613 1609 5670 cbristus
1626 5611 1696 5668 dict·

48 5735 107 5797 ets,
121 5728 247 5799 ‹rooniam
261 5739 358 5802 quanta
373 5731 409 5787 sit
422 5730 539 5787 ualentia
553 5729 631 5798 trrrjus
646 5738 740 5798 pierre,
756 5742 847 5794 tremo,
904 5732 948 5781 tur
961 5720 1060 5791 aquila,
1073 5717 1109 5776 ob
1128 5714 1321 5774 multiformem
1334 5709 1559 5784 significationem
1573 5718 1635 5778 quta
1650 5718 1697 5764 no·
