3794 6120
539 302 582 358 DE
600 300 738 358 reduto
758 296 948 358 sttottortts
967 300 1081 360 ttuelt.
1582 309 1634 367 titt

107 432 136 482 rs,
158 424 182 471 et
199 430 230 469 ss
247 413 552 479 cerniturminuando,
576 424 599 469 et
617 429 631 468 t
647 414 789 468 cubitorum
805 414 943 475 samoris
967 417 1095 481 excitant,
1111 424 1211 483 septem
1233 430 1294 484 onus
1306 415 1478 473 dilectionem
1492 432 1633 477 commen-

107 507 145 563 sis
158 504 203 576 (tl
219 504 289 560 Posi
312 504 363 576 tr).
377 506 408 560 Et
421 507 529 575 guidem
543 506 626 561 uitare
638 506 795 576 titymiama-
844 501 911 558 dam
926 503 1049 571 proximi.
1061 504 1110 571 Qut
1124 518 1188 572 crgo
1204 506 1362 576 ilectiogum
1379 507 1465 564 inlici
1479 518 1507 566 el
1519 511 1633 580 produn

108 610 155 655 tes
167 596 231 652 iecit
244 597 270 652 iu
286 612 391 665 eremo,
406 597 507 651 hahens
533 582 658 651 cubitum¹
678 597 794 667 longitu-
843 606 935 648 amore
948 596 1112 662 custodiunt,
1125 595 1188 666 iure
1203 599 1354 654 mercedem
1367 599 1447 669 hujus
1462 600 1592 657 custodia
1606 603 1633 657 io

107 686 251 744 stulterum
268 684 426 749 latitudinis,
441 696 468 739 et
482 686 549 739 dnos
565 685 669 741 cubitos
694 687 720 740 io
734 687 794 742 aiti-
844 684 890 740 [lei
905 686 985 742 simoi
1000 695 1029 743 et
1043 689 1159 757 proximi
1174 674 1276 745 risione
1298 691 1456 759 percipiunt.
1477 690 1581 761 Quique
1606 692 1634 747 in

132 775 246 844 Quanta
272 784 360 829 antem
388 775 579 846 magnitudinis
596 777 646 830 troc
666 776 793 832 Salomon
845 776 894 828 lune
906 774 960 830 uina
972 786 1001 831 et
1016 778 1165 846 proximum
1189 793 1268 847 quem
1294 779 1394 845 rident,
1414 790 1440 834 et
1456 778 1538 834 Deurn
1553 792 1635 848 ouem

107 867 237 939 ieriptura
265 881 318 920 non
345 866 422 931 dicit,
437 867 484 922 sed
500 876 601 923 tantum
620 867 691 937 quod
710 869 794 925 altare
844 879 896 918 nott
911 864 1143 936 uident,diligunt,
1157 869 1182 922 lui
1198 869 1224 923 iu
1240 869 1325 924 lutura
1342 866 1432 925 sitaet
1447 870 1531 925 licum
1542 884 1633 940 regem

107 959 224 1016 siecerit
244 958 352 1013 dicitnr.
367 957 480 1012 Constat
505 971 593 1014 nutem
609 963 671 1028 quia
692 971 793 1016 mutum
843 952 870 1007 iu
885 954 982 1010 decore
998 970 1060 1023 suso,
1074 967 1102 1012 ct
1116 941 1265 1026 proximum
1279 959 1455 1028 glorilicatum
1469 975 1502 1016 ae
1521 959 1634 1016 ‹iscora-

107 1062 154 1105 ssn
168 1049 266 1119 potuit,
282 1057 410 1117 quandum
435 1050 499 1104 lecit
512 1049 675 1117 holocausti,
695 1052 756 1122 qnia
770 1052 793 1110 gt
844 1050 898 1095 tum
913 1044 1047 1100 uideiuut.
1065 1046 1099 1102 Et
1115 1048 1174 1101 ideo
1189 1051 1272 1104 altare
1286 1051 1358 1119 qrrod
1381 1052 1407 1104 in
1431 1050 1515 1120 ingura
1532 1050 1633 1106 iactum

107 1140 262 1198 osititorum
276 1139 302 1194 iu
318 1139 483 1211 longitudine
505 1140 602 1196 iactum
617 1152 698 1207 essct,
710 1152 792 1198 tutam
844 1144 885 1186 cst
899 1135 1058 1203 eiecturum,
1068 1138 1100 1192 sd
1114 1138 1315 1208 significandam
1331 1154 1425 1196 eorum
1437 1140 1517 1195 vitam
1534 1156 1632 1211 perpe·

106 1229 277 1288 htitudineuu
302 1232 436 1299 impleret.
457 1234 561 1299 Quanto
577 1234 658 1302 igitur
680 1234 793 1290 ulterius
845 1233 930 1292 tuom,
944 1226 1039 1283 decern
1053 1238 1111 1284 ernt
1132 1230 1235 1285 cuiritos
1252 1231 1349 1286 altum.
1364 1232 1429 1287 Cum
1446 1246 1508 1287 sero
1533 1232 1632 1288 dicium

107 1322 189 1381 dipsa
213 1308 304 1378 arrasa
314 1324 461 1379 trotocausrt
476 1340 556 1394 quam
572 1325 683 1390 nummi,
708 1343 793 1394 qum.
843 1330 914 1373 esset
929 1321 1001 1388 quod
1016 1320 1079 1376 lecit
1093 1323 1219 1379 Salomon
1233 1324 1319 1380 altare
1329 1338 1452 1390 succum,
1460 1325 1579 1381 additum
1592 1333 1634 1381 est

107 1432 223 1490 itenere
238 1419 379 1473 oblationis
392 1432 424 1474 sc
444 1420 545 1474 uilitate
567 1421 666 1474 metelli
690 1422 793 1491 tguotd·
843 1410 986 1465 ⁰⁰¹¹¹i¹¹¹¹⁰²
1002 1409 1361 1484 Etmensum.superqua1n
1380 1422 1633 1484 i⁰¹¹01¹0¹⁸¹¹¹fl¹¹¹¹0⁸

107 1520 128 1576 l,
139 1519 242 1567 unium
255 1512 401 1582 quantitate
428 1528 572 1579 mensure,
596 1523 624 1569 et
646 1512 792 1570 hostiarum
848 1501 1046 1570 Pi⁰i¹⁰⁸iii⁰¹¹i⁴0
1059 1520 1175 1559 “ittam-
1189 1506 1277 1562 Medo!
1292 1518 1380 1564 tutem
1400 1522 1481 1563 attrei
1495 1508 1632 1575 Scriptura

106 1601 219 1658 suttona
234 1603 388 1670 praesuunt,
400 1602 461 1671 quta
478 1604 602 1658 „impsum
621 1606 710 1671 „inm
732 1614 794 1661 sung
845 1597 887 1645 est
912 1605 988 1647 sacru
1002 1594 1149 1661 spiritualis
1162 1596 1344 1667 intelligentie
1359 1597 1480 1654 claritate
1502 1596 1630 1662 secundm

107 1692 197 1764 'oiim
208 1694 325 1748 dicatur:
342 1693 372 1748 Si
385 1695 422 1748 pia
434 1695 468 1747 ad
489 1696 568 1749 sitam
593 1697 703 1768 infidi,
720 1713 794 1752 um
844 1684 877 1740 de
891 1701 942 1756 qlis
968 1686 1105 1744 {inimisit
1127 1690 1261 1745 Domino:
1281 1689 1383 1745 Pterosit'
1400 1691 1508 1760 (inquil)
1530 1694 1556 1746 t'tt
1571 1707 1634 1746 coll·

107 1794 139 1851 ta,
152 1799 231 1854 quam
242 1801 309 1854 quos
323 1785 418 1841 audire
431 1786 559 1842 delectet:
574 1787 605 1842 si
617 1789 790 1859 oppassum
808 1757 831 1816 B
846 1786 931 1846 spectu
950 1795 1006 1833 meu
1025 1796 1147 1844 mensum,
1171 1783 1293 1835 aduersus
1318 1797 1360 1836 ros
1385 1783 1427 1851 qui
1448 1783 1570 1836 tribulant
1593 1796 1634 1835 ms

107 1875 156 1941 ida,
168 1877 246 1931 unda
260 1894 317 1946 pura
333 1877 419 1944 nasu,
436 1887 460 1932 ιι
474 1879 507 1933 aa
521 1880 790 1954 pauperrimum,
845 1866 931 1937 (Psoi.
954 1870 1033 1939 nu).
1050 1870 1089 1926 Ne
1101 1871 1174 1925 enim
1201 1887 1251 1927 nos
1266 1873 1411 1927 aduersarii
1427 1872 1585 1928 tribulantes
1598 1872 1632 1927 ad

107 1972 145 2029 ise
158 1980 247 2026 tamea
263 1972 340 2040 liujus
355 1987 479 2027 mensura
494 1973 585 2029 aitaris
600 1974 704 2029 ratione
720 1990 793 2045 mys.
843 1973 963 2015 errorem
988 1961 1135 2027 inliectant,
1161 1977 1281 2017 mensum
1308 1963 1384 2018 nubis
1398 1963 1524 2020 Conditor
1540 1972 1631 2020 noster

107 2070 145 2119 rar
158 2070 186 2118 el
200 2076 321 2117 numero,
336 2060 421 2117 flabat
431 2062 503 2117 enlm
514 2063 606 2134 viginti
619 2063 722 2119 subires
736 2064 792 2118 1011.
842 2055 965 2112 seientia
977 2057 1105 2121 coelestis,
1122 2072 1169 2124 per
1182 2072 1262 2127 qusrm
1276 2059 1302 2111 in
1318 2057 1370 2113 lude
1391 2057 1511 2112 veritatis
1523 2055 1629 2112 couior·

108 2148 144 2218 ts,
169 2159 197 2204 st
220 2150 332 2205 totidem
356 2150 462 2206 culsitos
488 2150 644 2219 latitudiuis,
661 2153 791 2209 etdseam
845 2154 944 2212 temnr,
960 2147 1074 2217 pararit.
1098 2149 1184 2203 Panes
1206 2164 1321 2219 namque
1345 2146 1534 2220 propositionis
1547 2147 1632 2204 suncti

107 2254 110 2290 t
123 2236 284 2302 altitudinis,
297 2239 331 2294 de
346 2254 398 2309 qino
408 2240 515 2308 guidem
530 2256 641 2297 numera
665 2241 691 2297 in
704 2257 792 2313 expo.
842 2246 905 2290 sunt
918 2236 1052 2303 ductrices,
1073 2253 1187 2307 quorum
1202 2240 1279 2294 nolus
1300 2254 1394 2306 opera,
1413 2238 1456 2294 rei
1470 2239 1550 2293 serlus
1559 2237 1632 2293 salu·

113 2329 206 2395 tempii
220 2337 248 2383 et
259 2329 390 2409 nestibuio
401 2329 459 2400 ejus
473 2330 599 2388 diximus.
617 2332 669 2389 Sed
684 2342 710 2389 et
722 2349 792 2389 nnnc
841 2326 920 2394 “¹5²2
936 2325 970 2382 ad
983 2329 1134 2397 &lendium
1146 2328 1206 2383 '³¹2
1217 2329 1475 2399 lf⁰l⁰⁸iiisfflffldssr
1488 2329 1515 2384 5¹¹
1529 2328 1628 2384 dividi·

107 2434 152 2477 nm
166 2421 283 2476 breuiter
296 2422 366 2491 qinod
382 2422 465 2477 altore
478 2423 626 2479 holocausti
642 2424 790 2481 electorum
845 2415 947 2487 iiiiii
963 2420 1085 2488 i⁰i⁸i¹¹⁵⁸
1100 2419 1167 2475 bene
1185 2424 1281 2487 ‘idalii
1305 2420 1414 2476 inimii-
1429 2418 1506 2476 Unde
1523 2428 1551 2474 θῑ
1569 2427 1632 2488 ⁸9¹⁰

107 2510 163 2567 sals
176 2523 265 2583 typum
279 2518 362 2576 tenet,
376 2513 421 2580 qni
434 2528 512 2567 suom
523 2527 621 2581 eorpus
631 2522 658 2569 et
671 2515 791 2570 animam
844 2508 925 2564 iidem
935 2524 1023 2579 panes
1038 2510 1065 2564 in
1080 2511 1174 2566 Exnuo
1188 2511 1328 2568 duodecim
1348 2513 1405 2566 lieri
1420 2511 1543 2581 precepti
1557 2520 1642 2578 sunt,

107 2614 241 2658 ιιιοοοοοο
264 2616 312 2672 per
333 2603 422 2672 ignem
448 2604 547 2659 amoris
567 2605 637 2660 illins
651 2618 790 2676 qnaerum3
845 2603 970 2659 videlicet
992 2612 1102 2674 propter
1122 2604 1258 2671 apostolos
1285 2602 1436 2668 duodecim,
1453 2616 1500 2671 per
1517 2615 1632 2673 quorum

107 2695 206 2749 scantia
218 2693 314 2749 inunum
327 2695 354 2748 in
369 2695 437 2749 borna
451 2696 606 2765 operatione
616 2713 664 2767 per
678 2699 793 2771 lungitu·
841 2698 1021 2752 ministerium
1046 2705 1075 2752 et
1100 2695 1165 2750 iloni
1193 2696 1328 2764 Scriptura
1345 2696 1507 2750 Testamenti
1525 2695 1631 2750 condita

106 2784 210 2851 duris,
225 2787 372 2857 amplitudo
386 2788 412 2843 in
426 2788 563 2846 ciruritate
579 2790 626 2845 Dei
638 2802 663 2849 et
679 2794 791 2861 proximi
844 2795 898 2852 est,
910 2796 938 2842 et
949 2784 1120 2842 instrumenti
1133 2786 1246 2849 Veteris,
1253 2785 1370 2839 donante
1383 2785 1504 2850 Domino,
1514 2783 1631 2839 revelata

107 2877 246 2945 itudiuem,
262 2895 324 2949 spes
338 2880 364 2934 in
389 2883 589 2948 exspectatione
603 2883 700 2938 diuinae
712 2884 793 2938 visio·
843 2879 971 2950 mysteria
995 2875 1094 2947 (Eroti.
1123 2878 1198 2945 xro).
1223 2877 1283 2942 Quo
1311 2875 1435 2930 nimirum
1450 2890 1563 2931 numero
1577 2890 1631 2930 uon

107 2982 113 3001 ·
125 2968 293 3024 altitudinem
305 2970 443 3040 figuratur.
451 2971 526 3037 Quod
542 2988 607 3029 uero
618 2973 754 3045 longitudo
766 2985 793 3030 et
842 2977 943 3026 uotum
959 2967 1039 3023 iidem
1054 2968 1180 3036 apostoli,
1194 2969 1241 3022 sed
1254 2976 1282 3022 et
1296 2981 1390 3022 omues
1413 2975 1476 3021 sunt
1499 2965 1630 3035 designati

107 3058 225 3115 saltaris
240 3061 392 3115 nicenorum
418 3072 476 3117 erat
494 3063 656 3131 cubitorum,
671 3078 792 3132 magnam
807 3093 830 3158 c
848 3065 893 3133 oui
909 3062 1079 3131 predicando
1089 3062 1200 3116 scrinios
1216 3062 1340 3128 gustulum
1362 3060 1423 3115 site
1437 3059 1561 3115 odelinus
1582 3059 1631 3114 mi·

120 3149 312 3219 periectionem
341 3152 463 3219 designat
492 3152 615 3222 ejusdem
652 3152 793 3209 indefesse
847 3153 972 3218 nistrant,
985 3151 1047 3221 quia
1060 3166 1153 3206 omnes
1166 3151 1255 3220 utique
1269 3151 1352 3219 ipsum
1366 3150 1495 3204 doctriua
1507 3151 1635 3218 turmam,

109 3242 221 3300 initstis
238 3245 388 3299 acsincerre
400 3245 626 3317 dilectionisque
637 3245 792 3316 perutrius·
844 3262 924 3317 quarn
946 3245 1061 3315 apostoli
1075 3261 1089 3298 a
1105 3245 1219 3300 botnino
1230 3258 1366 3313 accepere,
1382 3253 1538 3308 secuuntur.
1553 3241 1631 3312 legi·

107 3330 236 3387 menti
253 3332 793 3404 nobisobservantiumtrilnuitur.Quater
845 3353 903 3396 mus
927 3349 1016 3395 antem
1039 3338 1073 3395 de
1097 3338 1140 3392 luis
1160 3338 1271 3408 panibus
1291 3337 1318 3392 in
1343 3335 1446 3403 Exodo,
1466 3351 1514 3403 por
1527 3335 1630 3405 singula

107 3421 168 3492 mini
181 3424 343 3479 vicenarium
360 3441 499 3480 numerum
512 3426 792 3500 commeantiumque
842 3428 957 3485 Sabbata
968 3442 1017 3485 eos
1030 3430 1128 3484 mutari
1143 3429 1244 3485 deluere
1253 3437 1280 3483 et
1290 3443 1373 3484 nosos
1384 3443 1433 3497 pro
1450 3428 1583 3484 veteribus
1604 3425 1631 3482 in

113 3513 174 3571 tlsrt
188 3514 328 3586 iioysaiee
349 3515 415 3586 legis
430 3525 544 3587 quatuor
557 3518 716 3591 evangelieo
730 3528 793 3576 sunt
843 3534 935 3577 mensa
953 3519 1058 3575 Domini
1083 3521 1206 3590 proponi,
1227 3519 1307 3574 unius
1320 3532 1426 3588 quoque
1451 3533 1582 3572 mensure
1600 3532 1632 3572 ae

107 3600 153 3659 tia.
169 3602 273 3659 Etcum
286 3605 319 3658 nd
333 3604 536 3674 intelligentiam
551 3615 631 3677 atque
643 3608 791 3665 custodiam
842 3609 939 3664 similis
951 3608 1045 3664 iorme
1058 3623 1167 3680 semper
1179 3622 1227 3664 eos
1242 3608 1329 3676 parari
1343 3618 1501 3677 preceptor.
1518 3608 1556 3663 lle
1573 3607 1631 3676 gni·

107 3692 251 3764 pisituaiem
277 3694 426 3752 illustrante
440 3695 578 3766 Evangelii
593 3701 677 3770 gratia
699 3714 793 3768 perse·
823 3692 892 3756 'tuus
904 3699 1029 3755 omnibus
1050 3701 1179 3770 mysticus
1199 3700 1232 3754 de
1248 3700 1349 3754 insterna
1364 3698 1508 3753 reiectione
1524 3710 1630 3760 morus.

133 3781 296 3839 vicenarium
320 3785 438 3854 proiecto
464 3802 602 3842 nomcnrm
629 3787 790 3855 perlicimns.
842 3791 902 3846 luce
925 3790 1024 3846 clarior
1049 3789 1172 3858 reiuiget.
1197 3788 1384 3843 dilatiscnlm
1398 3789 1544 3852 reterilnus,
1570 3787 1630 3843 novi

111 3870 184 3929 iden
195 3887 324 3929 numerus
335 3875 486 3931 vicenarius
501 3877 527 3930 iu
539 3876 738 3947 longitudine-et
752 3880 792 3933 ia·
841 3885 1018 3940 restituuntur
1029 3896 1122 3951 panae,
1135 3895 1208 3946 cum,
1223 3880 1368 3947 assumptis
1391 3882 1424 3933 da
1439 3880 1490 3933 aaa
1505 3881 1558 3933 sisa
1580 3879 1630 3933 att.

107 3964 231 4027 saturis,
242 3979 303 4018 cnm
319 3967 399 4021 corda
414 3968 576 4033 electorum,
588 3969 701 4025 docente
716 3979 790 4025 utro·
842 3976 937 4046 ortibus
951 3975 1091 4028 ductorum
1108 3972 1238 4034 ildelirnu,
1253 3970 1320 4025 aiios
1345 3970 1404 4023 ineo
1418 3985 1512 4023 eorum
1537 3978 1628 4023 sancta

107 4064 270 4123 “mediiis
293 4065 321 4112 ⁰¹
339 4057 483 4127 liiutatde
509 4060 568 4128 ipso
588 4076 641 4116 uno
655 4063 793 4130 utriusque
841 4068 946 4123 oulinnt
968 4064 1097 4120 Ecclesia.
1114 4061 1146 4117 Et
1169 4064 1219 4117 iroe
1241 4077 1292 4115 non
1316 4061 1366 4117 ruisi
1393 4060 1427 4115 de
1445 4061 1490 4115 die
1509 4059 1628 4125 Saunatt,

107 4148 302 4215 eadauctore,
330 4158 357 4205 et
372 4153 596 4219 perseverantiam
617 4152 679 4207 boni
702 4156 792 4220 operis
842 4159 903 4227 quoia
931 4156 1051 4227 quisquis
1077 4157 1176 4208 bonum
1203 4162 1339 4208 certamen
1356 4152 1508 4215 certaverit,
1522 4162 1629 4203 cursum

107 4240 507 4308 inpenecotionibusservant.
537 4242 792 4300 etiniiaritatemdi-
843 4244 1086 4312 consummarem,
1102 4242 1181 4298 iidem
1196 4241 1353 4319 seruaverit,
1370 4251 1489 4309 tempore
1509 4253 1565 4293 sue
1588 4253 1630 4293 re·

107 4328 167 4387 isin
187 4344 235 4385 cos
248 4332 294 4399 qui
308 4342 504 4400 persequuntur
518 4335 655 4390 exhibent.
677 4336 792 4392 ὓοιιοοίο
842 4336 984 4393 solutionis
995 4335 1113 4405 requiem
1127 4333 1214 4389 beatas
1230 4333 1403 4401 perennitatis
1417 4329 1535 4384 intrabit.
1548 4327 1631 4385 Urtius

112 4432 225 4477 unere
239 4433 301 4489 spes
315 4421 465 4477 celestium
481 4419 651 4492 praemiorum
659 4427 792 4494 designari
806 4438 831 4498 n
845 4417 988 4499 mensure.
1013 4440 1041 4487 ct
1063 4445 1117 4486 uon
1137 4431 1263 4501 disparis,
1286 4429 1389 4483 similes
1407 4442 1514 4496 semper
1532 4427 1631 4482 debant

107 4506 217 4565 mino
230 4510 392 4578 alilrntnnte,
404 4527 463 4567 curn
477 4528 525 4570 eos
538 4517 581 4583 oui
598 4515 624 4570 in
640 4518 716 4572 vinea
733 4533 790 4574 rna·
843 4539 939 4596 paries,
951 4524 1012 4594 quia
1040 4522 1165 4577 nimirum
1182 4535 1232 4574 una
1248 4520 1394 4590 eodemque
1409 4521 1492 4574 torum
1514 4527 1556 4574 est
1566 4518 1632 4574 reri·

107 4598 260 4655 fi¹i⁸fl¹i¹i²⁵
276 4599 441 4667 lib‘lfiblssi·
454 4603 565 4660 dflssdti⁰
580 4609 791 4665 remunerando
843 4619 905 4674 tatis
916 4626 946 4674 et
955 4618 1027 4682 lidei,
1050 4631 1130 4686 quarn
1155 4615 1242 4683 primo
1264 4614 1375 4683 apostoli
1397 4613 1453 4669 suis
1466 4612 1631 4668 auditoribus

107 4696 193 4745 ΜΓ
207 4688 314 4759 (liutto.
330 4689 386 4760 η)·
399 4692 431 4745 Ei
445 4694 540 4748 'liiii’
554 4709 602 4763 per
613 4694 684 4751 ¹¹⁰¹st
698 4712 792 4753 nume·
844 4707 1030 4772 ostendebant,
1046 4721 1078 4762 ac
1090 4705 1187 4762 deinde
1199 4719 1368 4760 successores
1380 4719 1486 4770 corum,
1496 4712 1523 4760 et
1537 4718 1631 4760 omncs

107 4790 181 4837 tren
197 4790 298 4835 aterna
314 4779 454 4850 figuratur,
468 4782 494 4836 in
508 4798 559 4852 ont
575 4795 665 4841 nostra
685 4797 791 4853 nalum,
843 4815 927 4870 usque
940 4796 973 4852 sd
986 4796 1064 4852 iidem
1078 4796 1168 4851 seculi
1181 4796 1215 4863 pii
1227 4795 1349 4850 doctores
1361 4797 1389 4850 in
1399 4795 1521 4850 ecclesiis
1534 4793 1630 4849 Christi

107 4878 239 4929 mum
261 4870 360 4926 diriore
374 4871 470 4927 visioni
483 4874 663 4945 conjungitur,
678 4877 739 4946 ouis
765 4880 792 4934 in
844 4906 891 4960 par
902 4891 996 4944 oriam
1009 4887 1152 4959 predicare
1166 4901 1220 4941 nou
1233 4887 1375 4943 desistunt

107 4963 314 5032 momgstice
328 4962 417 5017 divina
432 4964 511 5020 siumi
531 4966 686 5026 ethumsna
700 4978 793 5028 natura
1126 4976 1240 5033 cnt'tll
1260 4976 1352 5033 xltztt.

107 5060 172 5121 tter.
194 5054 265 5110 Deus
291 5054 389 5124 quippe
404 5056 506 5112 trinitas
529 5068 580 5113 est.
597 5058 683 5116 iiorno
703 5072 792 5119 sutem
1062 5069 1207 5126 Dementia
1222 5071 1306 5125 decern
1321 5077 1415 5125 surda.

107 5142 160 5199 trio
173 5144 550 5212 numerocompreheuditurt
563 5148 735 5216 duaiermrio
754 5154 793 5208 ti·
878 5162 954 5227 Quod
980 5176 1046 5218 nero
1069 5163 1096 5218 in
1112 5163 1200 5219 resinis
1224 5164 1328 5218 dierum
1353 5164 1476 5233 legimus,
1491 5164 1552 5228 usis
1566 5162 1627 5235 {scit

117 5242 228 5305 pmpter
241 5247 350 5302 corpus,
367 5235 436 5303 quod
462 5249 497 5290 ex
526 5246 641 5306 quatuor
654 5242 794 5300 elementis
844 5250 970 5307 Salomon
984 5268 1085 5308 mensas
1098 5255 1196 5320 decens,
1214 5263 1239 5309 et
1249 5256 1332 5324 veuit
1346 5271 1389 5308 aua
1400 5257 1427 5307 in
1440 5255 1544 5324 impio,
1554 5254 1630 5324 grin·

107 5324 146 5391 it;
167 5324 286 5380 ternario
306 5339 370 5379 sero
384 5335 492 5396 propter
507 5328 637 5396 triplicem
661 5330 793 5390 interioris
843 5356 892 5409 que
908 5341 1053 5408 suessia,
1066 5353 1092 5397 st
1105 5345 1216 5412 quisque
1234 5359 1251 5398 s
1271 5344 1391 5408 sinistris,
1411 5344 1513 5410 pilulas
1531 5360 1632 5417 asopus

107 5415 316 5475 aduocatum
340 5434 421 5486 otram
447 5419 583 5489 Scriptura
603 5423 682 5480 nobis
701 5436 793 5482 sancta
843 5448 936 5486 osseos
945 5435 1231 5500 normannorum
1246 5449 1328 5504 panes
1339 5433 1537 5504 propositionis,
1548 5452 1629 5508 qurum

107 5519 201 5585 't,cttttt
213 5515 327 5587 diligere
338 5530 387 5570 nos
399 5515 475 5585 jubet
491 5516 573 5573 ileum
586 5532 619 5575 ex
634 5522 791 5584 tuutueorde
844 5522 877 5574 ati
893 5536 955 5575 rasa
978 5522 1081 5577 Domini
1104 5523 1185 5577 iactas
1207 5538 1287 5590 esse,
1302 5524 1431 5581 eredttrde
1452 5536 1493 5581 cst
1506 5545 1515 5592 ;
1529 5528 1631 5596 plutas

118 5605 269 5672 suima,.es
293 5615 347 5660 tota
369 5607 475 5662 uirtute.
494 5605 569 5663 ilnde
583 5617 611 5663 et
626 5611 651 5663 in
665 5609 791 5682 decalogo
843 5614 975 5679 sideiuct,
990 5627 1057 5683 ornas
1080 5617 1180 5681 pluriter
1202 5615 1284 5670 luctas
1298 5616 1435 5685 Scripuus
1458 5619 1556 5687 reiert;
1568 5620 1629 5691 tip-

107 5696 212 5755 taram
234 5694 369 5764 tutandatn,
393 5711 453 5767 qun
471 5711 519 5754 uos
533 5698 567 5754 ad
589 5700 689 5755 cultum
704 5701 788 5759 diriui
844 5706 1001 5759 minnistane
1011 5743 1020 5769 ,
1031 5704 1175 5768 tisriluio,
1190 5715 1218 5763 et
1230 5716 1327 5766 cetera
1340 5724 1401 5780 gne
1415 5712 1442 5769 in
1456 5719 1631 5791 uquaruilms
