3794 6120
136 302 185 362 tsi

729 294 983 353 'ltexttltttlttttrt
1003 296 1068 352 llll.
1087 295 1127 354 tlt.

1701 301 1753 360 {5⁸

132 431 213 484 usas
224 423 309 486 patres
323 415 412 479 nostri,
427 429 508 483 nepus
525 429 572 468 nos
587 419 692 482 puriore
706 411 834 481 punimus
845 411 857 464 .’
869 411 913 465 sed
930 410 1078 475 Annianus,
1089 416 1179 461 cetero
1194 409 1255 463 tolle
1270 409 1324 463 tili.
1341 407 1392 475 Qut
1406 411 1538 477 respondit
1551 412 1576 466 es'
1587 409 1677 468 :Leto
1694 432 1752 479 ntae

132 525 178 576 per
192 508 302 579 pretim
317 504 418 559 Domini
431 502 493 559 Jsss
505 505 631 558 credimus
642 502 738 558 mirari
749 503 918 570 amoto·

133 598 195 652 tarr
210 604 234 651 et
245 597 285 649 illi
296 595 367 663 (Act.
381 608 430 657 ar,
443 594 501 664 td).
518 593 596 648 bedit
609 606 674 662 erpo
691 592 829 646 Amabant
844 590 916 646 deci·

134 705 192 746 tuas
204 704 238 744 ea
248 687 373 742 omnibus
387 684 582 742 Melchisedech
608 683 752 746 sacerdoti,
768 697 850 751 nouo
868 682 918 736 be·

135 779 315 834 nedictionem
330 782 491 845 acceperat:
504 774 565 842 nula
580 774 706 829 nimirum
721 773 792 841 quod
808 772 852 827 ille
863 784 919 825 me·

134 869 209 930 lieris
224 867 357 923 intellexit
370 864 513 920 sacerdotii
527 874 619 936 typum
634 871 662 918 et
681 864 822 931 imaginem
839 874 917 931 quam

134 960 191 1028 lpse
200 957 377 1026 preterebu3
394 955 444 1010 boc
459 954 588 1025 estquod
605 955 662 1022 ipse
673 954 776 1023 legalis,
790 952 836 1006 ilie
851 965 919 1018 pon·

132 1049 248 1105 uteru
264 1055 279 1086 ⁸
299 1045 447 1116 evangelici
475 1048 587 1114 liguram
615 1044 734 1114 gerebat.
762 1044 820 1112 lpse
845 1042 916 1097 enirn

133 1136 283 1207 temporale
302 1135 483 1192 sacerdotium
497 1134 568 1206 quod
583 1149 633 1205 per
646 1133 831 1187 successiones
851 1145 919 1200 pon-

132 1231 237 1286 tillcuru
251 1237 406 1286 servaretur
420 1244 455 1284 ex
476 1242 507 1283 se
521 1235 580 1282 erat
599 1233 795 1297 generaturum
812 1224 857 1280 ille
870 1237 919 1279 nc·

133 1338 187 1395 que
201 1323 308 1378 isitium
321 1322 463 1378 sacerdotii
474 1334 561 1391 neutra
575 1321 655 1374 linem
666 1332 754 1385 neone
769 1329 918 1386 precesso-

133 1427 191 1469 reur
202 1428 289 1483 neque
303 1427 486 1469 succentorem
499 1410 731 1479 babuisselepitur
744 1426 751 1460 z
766 1407 839 1462 ttttdts
851 1420 917 1461 eon·

135 1502 277 1557 renieuter
291 1503 433 1572 imaginem
455 1499 564 1568 prelert
585 1498 657 1552 illius
670 1497 712 1552 cui
735 1498 835 1552 dscttrm
855 1504 917 1553 ests

126 1591 169 1648 Tr
181 1609 209 1647 es
221 1594 379 1648 sacerdocio
391 1604 514 1647 retonans
530 1591 669 1645 secundant
684 1591 798 1644 ordinent
812 1592 919 1645 llelclti·

968 515 1029 553 nuos
1047 515 1126 553 nicom
1141 500 1174 553 od
1191 499 1326 552 domiuum
1346 499 1428 554 brun
1442 503 1569 556 excelsum
1582 518 1752 571 penmanent

966 591 1022 644 coeli
1039 598 1062 643 et
1076 599 1150 643 terror
1161 589 1228 658 qued
1251 605 1267 640 o
1288 590 1333 656 filo
1348 590 1513 657 suitepnriuis
1533 607 1612 657 uscue
1625 592 1660 645 oti
1670 595 1751 648 msti-

967 686 1034 750 ptam
1048 681 1137 748 eslipoe
1147 697 1197 733 non
1209 681 1331 750 accipiam
1341 696 1373 734 en
1387 681 1501 735 erunibus
1515 697 1573 753 pure
1587 692 1629 736 tso
1641 693 1711 749 suot,
1720 693 1750 740 ei

967 781 1074 824 uetere
1091 771 1240 839 lliligeoter
1255 772 1411 835 ttouudum,
1425 782 1453 827 ct
1472 774 1504 826 ad
1521 774 1671 842 esentplutn
1687 775 1748 831 tila

967 863 1076 916 moralis
1089 861 1260 927 trulreuduut,
1279 864 1348 930 urtod
1363 864 1495 918 dbraltam
1506 865 1551 934 qui
1565 866 1639 934 otiosi
1655 880 1747 922 neces·

967 953 1092 1009 sitatibus
1117 954 1297 1020 proximorum
1312 952 1326 991 ¹³
1343 958 1474 1010 veraciter
1500 958 1676 1026 compatiens,
1701 972 1750 1028 pro

967 1046 1107 1102 liberando
1123 1047 1189 1101 Lotb
1205 1063 1235 1102 se
1251 1047 1367 1114 periculo
1384 1050 1526 1112 obtulerat,
1541 1048 1615 1116 quasi
1636 1048 1692 1103 tteo
1706 1048 1751 1104 de·

966 1148 1044 1193 sotus
1056 1140 1188 1194 sacerdoti
1211 1155 1225 1193 a
1241 1155 1294 1210 otto
1308 1140 1516 1196 benedicebatur
1534 1141 1652 1196 decimas
1666 1141 1749 1198 dede·

967 1241 1008 1287 rat
1021 1249 1027 1284 :
1042 1233 1099 1296 ipse
1118 1233 1196 1300 quasi
1210 1234 1386 1302 oecumenem
1400 1228 1579 1302 contemptor,
1593 1233 1693 1303 aliquid
1715 1232 1750 1288 do

967 1323 1055 1392 praeda
1076 1338 1154 1394 uuam
1177 1326 1323 1392 eripuerat,
1338 1325 1418 1379 etiam
1443 1339 1504 1379 eum
1520 1339 1566 1379 res
1588 1325 1630 1379 cui
1648 1325 1751 1379 vicerat

967 1413 1116 1478 obtulisset,
1141 1415 1263 1483 accipere
1285 1414 1383 1468 renuit.
1406 1413 1487 1482 Quasi
1511 1412 1621 1482 justitiae
1644 1421 1748 1468 amator

968 1504 1093 1558 militibus
1108 1504 1151 1574 qui
1169 1519 1258 1558 secunt
1273 1513 1456 1571 pupuareraut
1475 1519 1539 1558 'suas
1551 1514 1641 1572 partes
1657 1504 1750 1558 distri·

967 1596 1049 1651 buerc
1064 1611 1115 1649 nun
1139 1596 1263 1663 neglexit.
1288 1594 1383 1650 Merito
1408 1597 1467 1648 talis
1491 1595 1653 1650 conscientia
1675 1595 1750 1649 ulad

126 1684 235 1737 sedus.
250 1685 312 1738 llaec
326 1684 359 1738 de
373 1682 568 1737 llelcbisedecb
583 1682 675 1751 paucis
685 1681 740 1735 sint
753 1680 823 1734 diets
838 1688 917 1749 prout
967 1702 1055 1742 arcem
1078 1689 1204 1741 uirtutum
1219 1689 1360 1753 peruenire
1384 1688 1458 1742 ocius
1478 1691 1572 1755 possit,
1591 1687 1751 1740 novissem.

125 1785 224 1831 nostro
250 1775 326 1843 operi
353 1774 478 1829 suilicere
504 1772 677 1828 uidebantur.
704 1771 838 1826 Ceterum
868 1772 914 1841 oui
930 1745 954 1806 Β
969 1792 1016 1842 per
1028 1777 1119 1845 gestire
1133 1790 1255 1844 supernas
1275 1777 1413 1831 benellciis
1426 1775 1571 1830 adtollitur.
1589 1775 1750 1831 llnderecto

127 1869 210 1936 plene
225 1868 259 1923 de
278 1867 336 1934 illo,
349 1873 436 1935 denuc
447 1867 487 1920 eis
497 1881 556 1935 otte
569 1865 692 1933 llpumvit
705 1862 751 1918 ille
762 1876 916 1917 sacramen·
970 1867 1011 1923 bis
1032 1868 1067 1920 ite
1090 1869 1233 1922 transactis
1245 1877 1256 1906 ⁶
1268 1867 1409 1922 cotrlestim
1428 1867 1498 1921 dono
1512 1867 1630 1921 ccelesiis
1650 1863 1750 1920 oraculi

124 1967 161 2020 tis
184 1966 256 2021 seire
279 1964 425 2028 desiderat,
450 1972 533 2020 totam
555 1961 589 2016 ad
614 1960 742 2016 liebraeos
766 1958 914 2028 Epistulam
973 1973 1005 2013 ac
1022 1958 1119 2012 divinae
1133 1957 1326 2013 benedictionis
1351 1972 1461 2025 compos
1485 1957 1611 2021 ellicitur,
1631 1968 1690 2023 epm
1704 1968 1749 2009 se·

125 2057 239 2111 sedrsitu
252 2056 333 2127 legat.

161 2145 233 2200 llicit
247 2153 333 2200 sutem
347 2160 392 2200 res
406 2143 579 2201 Sodomorum
591 2142 626 2196 nd
637 2140 731 2195 Abram
754 2154 763 2193 c
788 2137 828 2193 lin
850 2138 914 2193 milti

161 2280 240 2346 ·ΑΙ.,
256 2276 400 2349 Eraupeia'i.

161 2349 175 2390 ὓ
186 2352 229 2404 ΑΙ.
240 2351 317 2405 deest
330 2347 464 2402 atrociter.

973 2049 1079 2116 quentis
1091 2047 1150 2102 libri
1167 2049 1262 2102 melius
1275 2048 1389 2103 lectione
1400 2048 1594 2104 consideranda
1604 2056 1631 2102 et
1646 2053 1749 2112 pertra-

966 2137 1061 2192 ctanda
1073 2151 1222 2193 servemus.

1005 2281 1017 2308 ⁶
1031 2270 1073 2326 rii.
1089 2271 1164 2327 deest
1175 2272 1319 2340 confestim.

126 2505 1749 2540 W

724 2639 875 2718 utauu
899 2634 1150 2734 Quintus
1250 2712 1252 2715 ,

161 2825 210 2880 itta
231 2825 318 2892 itopsu
331 2820 479 2882 transactis,
496 2822 579 2892 [sciro
598 2826 634 2875 est
655 2832 738 2871 sermo
754 2814 859 2871 Domini
877 2813 947 2878 utic
963 2821 1034 2866 uteru
1048 2821 1100 2874 tuo,
1116 2811 1199 2881 iprum
1218 2808 1321 2869 buiriis
1340 2806 1476 2864 decredere.
1497 2808 1572 2877 Quod
1587 2808 1620 2863 dc
1633 2808 1706 2864 lsaae
1717 2822 1747 2868 et

123 2917 219 2972 Mrem
238 2932 285 2985 per
295 2915 430 2979 umentem,
444 2913 551 2966 dicens:
566 2907 592 2964 N
594 2909 629 2964 oli
642 2908 740 2973 timere,
751 2906 855 2969 Abram,
868 2919 915 2975 epu

125 3016 253 3078 prmertor
268 3015 327 3059 tarsa
339 3021 398 3059 suns
410 3012 434 3058 et
447 3017 541 3057 moces
559 3009 603 3054 tuo
615 3014 709 3068 mopso
724 2996 811 3051 nimis.
829 2995 916 3051 liene·

125 3099 275 3155 dictionem
289 3111 366 3166 quarn
386 3108 401 3149 a
417 3093 557 3149 sacerdote
571 3088 767 3145 llelebisedecb
782 3088 913 3155 percepe-

127 3198 173 3245 rat
187 3186 333 3253 dbrabans,
356 3187 422 3240 bane
438 3198 528 3254 perse
543 3181 673 3238 bomiuus
687 3179 745 3249 ipse
760 3176 913 3233 conlirmat.

129 3278 246 3334 lliserat
256 3278 351 3346 quippe
361 3277 486 3331 sacerdos
502 3292 508 3327 :
530 3271 564 3327 Es
584 3270 730 3325 benedictus
749 3267 817 3323 licus
830 3267 916 3323 eeccl-

126 3382 185 3431 tus,
199 3382 250 3434 pro
258 3375 402 3436 protepente
414 3364 501 3419 lrostes
514 3363 542 3417 s‘u
555 3362 673 3416 matribus
687 3360 738 3414 tuis
758 3369 818 3414 suut
838 3357 916 3427 tuen.

126 3472 182 3520 xrs,
197 3456 257 3526 20).
282 3454 351 3510 Dicit
374 3456 521 3511 llomlnus:
549 3452 606 3524 Epo
621 3463 748 3516 protector
772 3461 830 3504 turra
849 3465 915 3505 sunt.

128 3547 237 3602 Dixerat
250 3545 395 3602 sacerdos:
411 3543 591 3599 Benedictus·
613 3541 683 3597 Deris
701 3541 825 3597 excelsus.
850 3541 917 3596 llicit

967 2903 1071 2958 semine
1084 2902 1142 2971 ejus
1155 2901 1254 2954 dictum
1268 2906 1336 2955 ratio
1347 2901 1439 2970 probat
1451 2917 1458 2964 ς
1471 2900 1504 2954 de
1516 2915 1569 2970 quo
1582 2905 1750 2979 postmodum

967 2994 1091 3048 audiris:
1116 2992 1184 3058 Quia
1203 2991 1229 3044 io
1250 2989 1325 3044 isone
1337 2993 1467 3045 recolitur
1485 2991 1530 3045 siit
1542 3007 1638 3046 semro.
1660 2991 1751 3064 Neque

968 3084 1039 3140 euim
1062 3082 1107 3138 liiii
1122 3082 1342 3148 corrctrbiuarum,
1359 3082 1408 3135 etsi
1428 3080 1541 3136 Abraltar
1562 3094 1655 3137 semen
1678 3091 1751 3148 sunt,

968 3173 981 3214 d
1005 3173 1168 3230 berediatis
1193 3172 1253 3242 ejus
1280 3170 1424 3241 participes
1447 3186 1509 3227 csse
1536 3181 1699 3240 potueruot;
1724 3182 1753 3227 et

967 3265 1094 3336 quoniam
1107 3264 1139 3319 ad
1156 3266 1222 3317 ltanc
1237 3262 1420 3317 traeredttnen
1435 3261 1490 3318 beo
1504 3260 1629 3318 dilectam
1652 3264 1678 3316 iu
1698 3277 1750 3333 qua

968 3359 1097 3430 protectio
1111 3356 1250 3420 ditiones
1265 3369 1369 3410 merces
1387 3364 1460 3410 essct
1472 3369 1567 3421 magna
1579 3354 1680 3422 initura,
1694 3369 1752 3410 cte·

968 3449 1050 3505 lestes
1064 3448 1151 3502 solum
1165 3447 1264 3501 animae
1279 3447 1424 3514 pertinent,
1439 3454 1500 3514 apte
1512 3446 1676 3501 subnectitur
1691 3463 1699 3501 ε

1003 3539 1216 3607 uuurtrpncuu
1236 3538 1316 3604 loros,
1335 3545 1360 3590 et
1379 3538 1415 3591 uit
1436 3536 1499 3591 itti:
1522 3535 1629 3608 Suspice
1649 3537 1754 3602 eaelum,

127 3636 184 3706 lpse
198 3636 289 3691 betis:
307 3632 341 3688 Et
356 3649 454 3688 merces
469 3643 514 3687 tuo
538 3649 630 3704 scrupus
657 3633 741 3686 nimir.
766 3631 916 3688 llercedetn
966 3643 989 3689 et
1000 3632 1208 3692 nunrcrostellns.
1222 3630 1245 3683 si
1256 3639 1337 3701 petes,
1353 3639 1376 3683 et
1395 3628 1462 3683 dicit
1479 3628 1522 3683 ei:
1538 3627 1582 3682 Sic
1601 3629 1649 3682 crit
1663 3646 1748 3684 semen
1768 3681 1771 3688 ,

129 3735 218 3779 autem
245 3725 323 3791 dicit,
345 3737 399 3779 nou
417 3731 519 3778 tantum
532 3721 692 3791 dilectionis,
706 3736 785 3790 ouatn
805 3723 877 3777 tratri
890 3721 916 3776 iu
967 3733 1049 3778 strunt.
1066 3724 1159 3778 stellis
1182 3721 1252 3776 cuim
1267 3730 1339 3775 recte
1352 3729 1540 3789 comparantur
1560 3718 1625 3789 iusti
1649 3728 1676 3775 et
1694 3721 1753 3776 ele·

128 3815 248 3887 augustia
264 3816 352 3885 posito
365 3815 539 3883 exhibueram
559 3813 606 3870 sed
627 3822 655 3869 et
669 3813 749 3868 tutius
764 3810 778 3850 b
794 3811 917 3868 dileetio·
966 3814 1018 3879 cti;
1034 3827 1087 3867 ooo
1104 3811 1189 3865 solum
1202 3811 1263 3878 quio
1278 3810 1347 3862 sieut
1361 3808 1444 3863 stellae
1455 3807 1489 3862 ab
1504 3808 1656 3862 bouriuibus
1669 3809 1749 3863 dinu-

128 3907 179 3972 nis,
194 3922 247 3975 uua
262 3908 314 3974 ipsi
331 3905 445 3961 bomine
467 3920 501 3960 es
524 3919 577 3975 quo
599 3902 711 3974 patrium
737 3913 915 3972 parentesque
967 3904 1061 3959 mernri
1086 3911 1236 3972 nequeunt;
1254 3916 1347 3957 serum
1372 3901 1452 3956 etiam
1475 3900 1537 3971 quia
1560 3901 1664 3957 coelesti
1689 3910 1752 3957 sunt

128 3999 297 4064 deseruerat,
312 3997 417 4067 integro
432 4010 465 4050 es
488 3995 570 4050 corde
584 3995 724 4050 servierat.
966 3995 1091 4051 felicitate
1103 3995 1246 4060 sublimes,
1257 3992 1318 4063 utria
1331 3993 1436 4062 abiecta
1449 3993 1512 4049 ritae
1527 3993 1604 4061 buius
1618 4003 1645 4050 et
1660 3995 1752 4049 iollma

163 4085 289 4159 uictura
307 4088 423 4141 Altam-⁹
443 4084 552 4141 Domine
574 4082 655 4147 Delio
668 4084 730 4154 quid
751 4082 823 4137 dolis
841 4082 914 4150 milri,
965 4087 1095 4142 desideria
1118 4101 1211 4155 ttrapou
1226 4087 1323 4141 runculis
1345 4083 1510 4140 sublimitate
1535 4085 1749 4152 rransccnduuu

127 4195 172 4250 epo
185 4179 280 4232 mens
299 4176 538 4244 pluralitates
553 4174 623 4244 plius
637 4175 809 4246 procuratoris
822 4174 913 4227 domus
926 4174 952 4235 ii
965 4178 1026 4242 otus
1050 4178 1118 4230 inter
1142 4174 1270 4242 reprobos
1294 4173 1385 4228 lucent
1408 4182 1532 4240 tastonam
1559 4172 1698 4228 luminaria
1723 4173 1750 4228 in

127 4283 199 4334 m,
236 4270 285 4322 iste
309 4266 451 4323 eunoun
481 4265 591 4322 Elisser.
617 4265 773 4334 Addiditque
798 4264 914 4320 dirum:
967 4266 1076 4331 murrdo,
1092 4266 1200 4319 teritum
1214 4267 1274 4320 vite
1292 4268 1470 4321 continentes.
1489 4266 1525 4321 lle
1537 4266 1664 4335 qualibus
1677 4276 1705 4321 et
1723 4267 1749 4322 in

128 4357 194 4413 dist
213 4367 300 4412 estem
321 4357 479 4411 condedisti
501 4372 603 4422 rernm,-
626 4366 649 4411 et
662 4365 745 4410 ecree
766 4353 915 4409 vernaculus
967 4356 1019 4411 lioe
1033 4367 1104 4411 reete
1116 4354 1167 4410 dici
1186 4365 1197 4394 c
1215 4356 1320 4426 possit:
1341 4357 1424 4413 Stella
1437 4367 1523 4412 eutem
1541 4356 1645 4411 esselis
1665 4356 1753 4422 disten

130 4468 199 4506 neus
226 4451 308 4504 iures
332 4464 403 4504 oreas
416 4451 474 4504 erit.
497 4446 555 4503 lion
579 4446 654 4516 quasi
678 4444 774 4501 dubius
796 4445 830 4500 de
855 4458 917 4513 pro·
966 4448 993 4502 irs
1007 4447 1130 4512 claritate,
1146 4446 1183 4501 sir
1197 4456 1221 4500 et
1235 4449 1386 4501 resurrectio
1404 4456 1565 4502 mortuorum
1587 4445 1613 4518 (l
1628 4446 1689 4502 dor.
1704 4462 1752 4514 ar,

128 4538 215 4591 missis
244 4537 311 4602 liei,
341 4534 462 4600 titubal;
497 4532 544 4588 scd
574 4531 732 4601 simpliciter
768 4531 916 4602 inlettodsl
966 4539 1024 4610 tt).
1040 4539 1116 4606 Quod
1134 4551 1223 4594 autem
1246 4540 1420 4597 aitzdicerit
1442 4558 1526 4597 umen
1551 4552 1634 4605 susos,
1651 4540 1752 4597 nonde
1837 4528 1841 4536 ⁸

129 4644 205 4697 qnam
219 4626 257 4681 ,tt
280 4625 460 4680 inurendum
479 4623 594 4680 nomino
608 4632 795 4692 percepturus,
817 4623 861 4691 qui
886 4621 917 4674 ti·
967 4629 1020 4684 illis
1039 4630 1126 4683 solum
1141 4630 1206 4684 dicit
1220 4630 1314 4685 electis
1327 4632 1372 4700 qui
1387 4632 1422 4686 de
1434 4631 1492 4699 eius
1506 4632 1589 4702 stirpe
1603 4631 1751 4700 corporali·

130 4718 193 4772 lilim
207 4732 261 4772 ¹¹⁰⁰
279 4717 393 4782 miletis·
408 4717 437 4770 5¹¹
447 4731 500 4786 ouo
512 4713 620 4771 ΝΜΟ
632 4729 664 4770 ²⁰
675 4712 805 4783 participe
819 4712 917 4766 tillim
969 4729 1096 4776 serenant
1110 4721 1247 4785 nascituri,
1262 4721 1311 4775 sed
1331 4721 1412 4776 etiam
1432 4723 1466 4777 de
1489 4723 1577 4788 nobis,
1603 4722 1700 4791 ouibus
1714 4721 1748 4775 ab

129 4807 314 4877 promissionis
334 4808 461 4870 exsultet,
476 4807 646 4861 vernaculum
670 4818 748 4859 suum
772 4803 858 4870 potius
882 4803 917 4859 sit
968 4811 1094 4880 Apostolo
1108 4812 1223 4867 dieitur:
1240 4812 1271 4869 si
1284 4822 1371 4867 ostent
1384 4829 1428 4867 uos
1448 4814 1556 4880 Christi,
1569 4829 1630 4884 erpo
1644 4812 1754 4869 diretta

129 4899 269 4954 babituros
293 4898 440 4954 uarcdeu.
456 4896 606 4952 Vocabatur
621 4895 782 4952 vernaculus
796 4894 840 4947 ille
852 4892 919 4946 duo·
967 4917 1051 4957 um„
1064 4903 1125 4957 aa,
1138 4900 1210 4970 (Gap,
1226 4919 1267 4969 m,
1291 4902 1349 4973 29),
1370 4901 1446 4958 unp,
1461 4905 1527 4960 pen,
1547 4905 1660 4973 primum
1684 4903 1754 4956 inp-0

128 4990 177 5047 ΙΝ
192 4990 359 5053 millibus·
375 4988 402 5044 id
427 4998 478 5055 0⁵¹·
505 4988 661 5054 D²ffl²⁸⁰¹l⁸s
688 4986 800 5050 filimi·
825 4999 839 5038 ¹
865 4998 918 5052 ‘issi’
969 4994 1071 5063 positus
1084 4995 1203 5049 rtutlitit:
1228 4994 1281 5050 Sed
1294 4996 1339 5066 pui
1363 4995 1506 5066 eprrtlietur
1519 4995 1551 5048 de
1565 5003 1635 5047 utero
1657 5003 1701 5047 tuo
1713 4994 1754 5061 ip·

129 5082 290 5138 bamascum
306 5081 440 5136 civitatem
461 5089 489 5134 et
504 5077 638 5135 conditam
653 5076 728 5132 aiunt
740 5085 767 5130 et
781 5088 918 5144 nuncupo·
968 5100 1027 5138 ,tntu
1041 5085 1146 5138 tutelis
1166 5085 1301 5140 lteredem.
1318 5085 1431 5157 Propter
1449 5100 1496 5142 eos
1510 5085 1631 5140 videlieet
1653 5084 1698 5154 qui
1719 5099 1753 5138 es

128 5176 422 5233 tannd'arcosautete
440 5173 581 5228 desideriis
604 5170 719 5225 Abrabae
736 5168 876 5237 bomiuus,
892 5175 919 5222 ct
969 5175 1028 5244 ejus
1055 5177 1157 5230 semine
1182 5175 1355 5243 prodeuntes,
1374 5177 1455 5232 etiarn
1480 5176 1618 5244 promissa
1645 5173 1754 5228 benedt.

127 5269 199 5322 lranc
219 5267 257 5321 tttt
272 5281 350 5335 uttam
366 5265 503 5335 qrtaerebat
525 5263 675 5318 mercedem
699 5260 831 5331 promisit,
857 5276 918 5316 cum
970 5264 1066 5320 ctiouis
1083 5280 1114 5319 ac
1130 5264 1291 5319 ltuteditatis
1308 5274 1383 5320 eraut
1393 5264 1548 5320 coheredes
1562 5261 1655 5316 futuri.
1678 5261 1754 5316 Post·

127 5360 254 5431 prrotittus
268 5357 426 5426 subjunxit:
970 5357 1079 5411 modurn
1096 5371 1159 5411 sero
1179 5357 1296 5411 etluceus
1309 5355 1380 5411 iuras
1399 5371 1471 5421 eum,
1487 5368 1627 5409 numerare
1648 5353 1752 5415 stellas,

164 5452 228 5507 Non
248 5452 295 5504 erit
320 5447 361 5502 bic
382 5451 464 5502 inseres
489 5456 555 5512 turis,
583 5444 627 5502 snt
653 5442 698 5514 ptri
723 5443 865 5515 egredietur
889 5445 920 5500 de
971 5444 993 5501 si
1016 5448 1111 5516 possit,
1128 5445 1261 5516 impensu
1277 5444 1324 5499 Sic
1339 5445 1397 5512 snit,
1412 5443 1545 5515 inquiens,
1562 5458 1646 5500 senten
1660 5453 1746 5508 tusrt,

1008 5557 1020 5596 ¹¹
1038 5558 1091 5620 dl..
1108 5567 1133 5611 et
1145 5555 1309 5612 hereditatis.

163 5577 176 5603 s
200 5565 258 5626 Al,
273 5564 368 5615 Adrum
382 5559 559 5616 Droexrelro.
1007 5627 1070 5683 ‘M
1115 5618 1196 5698 pm

1039 5664 1093 5696 ..,
1198 5662 1205 5682 .

163 5635 178 5676 Β
200 5637 256 5693 Ab,
268 5632 408 5687 detodoris
419 5633 480 5698 pttt'u
493 5631 556 5699 s'pse.

164 5716 177 5744 e
200 5704 233 5758 tt
247 5745 257 5770 ,
269 5720 334 5757 unus
343 5703 502 5757 rernuurtsr.
