3794 6120
172 320 209 377 23
423 315 524 371 BEliAE
545 314 769 370 t'ubbttnttttts
789 310 928 368 bibistis}
951 309 1039 365 tuus
1056 310 1089 366 il.
1104 341 1138 352 -
1154 312 1350 370 Ettubttcu
1370 312 1533 370 cetibtttt.
1758 313 1796 373 ab

174 445 198 488 es
214 430 430 500 ntultipbcsnuni,
443 438 465 483 et
480 429 575 498 replete
593 443 673 495 equas
688 428 776 492 meris,
799 425 832 480 ad
852 434 950 479 utrum·
973 423 994 483 Δ
1010 422 1155 487 proiecere
1170 424 1280 495 jusserit
1296 427 1365 484 betis
1379 438 1493 493 terram,
1507 437 1534 483 et
1546 440 1678 497 Juutenta,
1692 443 1720 486 et
1734 448 1794 502 rep·

172 537 226 592 que
249 535 333 590 gestus
354 517 526 572 assistentium
541 515 576 571 de
588 516 664 586 aquis
683 513 823 580 lectorum,
841 514 893 570 boc
905 522 957 582 est,
1011 511 1076 576 tilia,
1099 523 1126 566 et
1145 515 1244 570 bestias
1257 525 1351 582 terrsc;
1369 532 1439 572 ssursc
1453 528 1555 586 autern,
1573 529 1674 573 mutato
1689 523 1794 588 ordine,

175 624 202 669 rt
217 612 250 668 ad
266 613 352 680 pisces
365 607 488 677 pertinet,
502 616 530 662 et
543 606 575 660 asi
594 621 669 672 aues,
683 607 745 675 quin
758 607 828 660 sicut
842 615 855 642 ⁸
873 607 959 674 pisces
1010 600 1106 659 lesisse
1129 605 1226 660 dicitur
1251 608 1320 662 bens
1346 611 1445 664 bestias
1470 619 1549 664 terrie
1574 619 1601 666 et
1620 610 1742 680 jutnenta
1766 627 1794 668 et

177 717 271 755 onsnes
283 715 335 754 saon
350 700 398 753 uisi
415 698 440 752 in
456 698 532 766 aquis
544 697 633 751 uivere
645 703 767 767 possunt,
783 697 818 749 ita
831 705 892 748 snm
906 692 960 762 ple·
1010 705 1090 744 otone
1113 694 1208 762 reptile
1231 703 1328 761 terre3
1353 707 1380 751 et
1402 699 1600 767 intelligendum
1625 701 1695 768 quod
1722 702 1795 757 dicto

177 808 268 861 raeque
281 806 344 845 aues
357 805 416 860 qna}
427 790 478 843 etsi
492 789 518 842 in
534 789 610 842 terris
620 784 763 855 aliquando
777 785 958 855 requiescunt,
1009 782 1089 837 citius
1101 798 1183 841 omne
1201 786 1274 856 quod
1295 787 1378 844 soluit
1403 789 1472 855 luit;
1498 790 1588 860 nilque
1614 791 1704 847 dilicrt
1722 800 1794 862 qaod

177 884 298 952 letusque
322 888 478 949 propagant,
505 877 582 933 nonb
596 887 696 931 nutum
713 877 745 929 sie
766 885 847 940 terra,
863 873 911 928 secl
926 873 960 927 de
1010 872 1113 941 loquela
1136 876 1252 932 bumana
1275 882 1348 949 prius
1370 880 1396 936 in
1420 889 1604 937 creaturarum
1630 885 1726 940 oritus
1748 902 1796 941 sao·

177 974 243 1028 attari
258 981 414 1034 vescuntur,
435 970 599 1039 marinisque
613 967 722 1023 sedibus
734 965 864 1022 libentius
877 979 959 1034 quam
1009 964 1104 1030 nsinet,
1117 982 1184 1036 quas
1198 967 1286 1024 diuina
1303 971 1419 1038 potentia
1434 971 1555 1025 condidit
1573 973 1652 1028 simul
1674 983 1796 1031 cunctas.

176 1069 287 1114 utuntur
305 1056 487 1114 terrestribus.
512 1056 588 1124 Quot
603 1070 667 1111 sero
689 1054 835 1124 subjungis.
856 1067 960 1119 seuque
1045 1059 1110 1113 Cum
1124 1074 1211 1116 auem
1227 1064 1366 1132 sequitur:
1384 1061 1416 1117 lit
1429 1065 1493 1118 sidit
1507 1063 1576 1119 licus
1594 1066 1663 1136 qttotl
1675 1075 1739 1121 esset
1753 1068 1796 1121 bo-

175 1147 376 1218 nmltipiicrntur
405 1163 482 1212 super
512 1155 625 1210 terrant,
650 1142 683 1197 aii
709 1154 850 1211 utrumque
876 1156 960 1211 genus
1010 1162 1081 1213 nans,
1104 1151 1360 1218 quaesiturumque,
1383 1155 1796 1222 quaretsonbicaddaturillud

174 1240 276 1303 astum,
298 1238 348 1292 buc
370 1247 421 1300 est,
436 1246 462 1290 ut
479 1250 570 1289 carum
590 1250 650 1304 qum
671 1236 704 1288 de
721 1235 807 1300 aquis,
828 1240 959 1287 eteorum
1011 1237 1082 1304 quod
1095 1239 1194 1294 dictum
1217 1251 1260 1296 est
1280 1241 1315 1296 de
1338 1243 1378 1298 eis
1395 1258 1455 1312 quse
1474 1257 1550 1312 aquce
1572 1247 1750 1313 produxerant
1763 1247 1796 1302 do

175 1347 235 1401 quae
247 1340 389 1404 remoratur
399 1328 433 1382 dc
445 1338 527 1392 terra,
542 1327 661 1396 respicit,
672 1322 734 1395 quia
745 1322 958 1379 risleiicetetiam
1010 1327 1188 1386 atsinsantibus
1203 1347 1210 1388 :
1224 1330 1407 1403 Benedicitque
1438 1337 1474 1389 eis
1496 1336 1583 1391 dicem
1604 1352 1614 1391 .·
1636 1336 1749 1392 Crescite
1772 1348 1796 1392 et

176 1423 228 1476 ilina
252 1436 312 1490 que
333 1421 392 1475 sine
410 1419 488 1487 aquis
510 1417 600 1471 rivere
620 1417 744 1470 nesciunt
764 1429 848 1479 aues,
876 1413 911 1466 ita
932 1423 960 1466 ut
1011 1417 1214 1486 multiplicamini
1237 1432 1260 1476 et
1281 1423 1378 1493 repleta
1400 1433 1508 1479 urrum-
1531 1430 1572 1479 bn
1594 1425 1662 1481 lorte
1677 1427 1748 1495 qssod
1762 1429 1797 1482 sie

180 1514 264 1568 assultu
287 1527 359 1581 supe
382 1511 446 1566 asini
464 1520 585 1579 tempore
607 1509 657 1564 snb
678 1507 810 1578 profundo
831 1521 958 1577 aquarum
1010 1507 1095 1574 prima
1117 1518 1239 1563 creatura
1260 1513 1357 1566 animae
1372 1512 1486 1567 uisentis
1503 1514 1603 1568 dictum
1619 1529 1634 1568 a
1649 1515 1705 1568 ben
1724 1532 1797 1569 cotra-

178 1602 315 1671 quomodo
345 1603 433 1669 pisces
453 1601 563 1666 lateant,
586 1613 776 1668 ssonnuuqnam
799 1597 888 1666 egredi
912 1612 959 1650 su·
1011 1597 1190 1663 mendaserit,
1207 1597 1469 1655 etiamdesecunda
1494 1602 1571 1656 nobis
1593 1603 1797 1672 subintelligen-

177 1707 224 1762 per
239 1703 324 1746 terras
348 1692 446 1756 solent,
464 1691 579 1746 inarime
598 1706 658 1746 cum
685 1689 771 1745 iciant
793 1698 821 1743 et
842 1689 961 1744 nutriunt
1011 1685 1075 1740 dum
1090 1688 1216 1758 reliquitl
1231 1690 1358 1752 maxime.
1375 1693 1437 1761 qnia
1455 1692 1480 1747 in
1502 1692 1584 1762 burins
1604 1694 1659 1748 diei
1674 1696 1799 1763 operibus

178 1784 277 1852 pullus.
979 1762 1001 1822 Β
1017 1778 1094 1846 plura
1108 1789 1167 1834 eret
1176 1780 1230 1834 alia
1241 1782 1434 1850 subjuncturus
1448 1799 1456 1843 t
1470 1798 1551 1852 porro
1565 1784 1598 1839 dc
1611 1787 1717 1841 bomine
1729 1787 1798 1841 lactu

211 1871 283 1926 bien
296 1887 394 1941 quoquc
411 1870 478 1924 Deus
495 1869 648 1925 :Producat
666 1879 733 1923 terra
749 1869 860 1921 unimam
878 1865 961 1920 niven·
1013 1867 1066 1922 boe
1084 1870 1239 1924 necessario
1255 1871 1353 1927 iterare
1371 1872 1476 1927 curasti
1490 1872 1600 1927 dicens.
1616 1871 1798 1944 benedicitque

175 1977 225 2020 tent
238 1966 263 2018 in
277 1979 434 2035 percussus,
447 1964 565 2034 jussscntu
583 1973 607 2015 et
628 1963 728 2032 reptilia
742 1959 866 2013 etiestins
879 1972 962 2010 secun
1011 1957 1063 2011 illis
1075 1956 1146 2013 Deus
1164 1969 1188 2013 et
1200 1961 1257 2015 ait:
1271 1962 1381 2015 Crescite
1402 1971 1426 2016 et
1445 1961 1653 2033 multiplicamini
1667 1974 1691 2017 et
1706 1964 1800 2034 replete

175 2058 238 2110 siuns
252 2056 347 2125 species
369 2071 439 2108 snm.
462 2051 620 2123 Factumque
632 2062 668 2108 est
685 2054 732 2106 ite.
751 2049 810 2103 Post
829 2049 960 2104 radiatum
1012 2057 1117 2114 terrum,
1143 2066 1177 2105 ne
1200 2052 1261 2118 quis
1283 2042 1432 2106 honorabili
1451 2054 1588 2109 cnntsubio
1602 2055 1689 2111 inesse
1703 2070 1796 2124 pecca·

176 2145 310 2201 sideribus
325 2144 433 2211 coelusn,
452 2153 512 2214 post
527 2145 663 2211 impletum
683 2142 836 2197 tutantibus
858 2155 960 2208 acrem,
1013 2149 1067 2193 tum
1084 2148 1096 2176 θ
1113 2140 1274 2211 thorumque
1288 2142 1403 2197 iudicati
1418 2144 1604 2201 iocsaicatiouis
1619 2155 1724 2215 putaret
1738 2162 1800 2202 essu

175 2238 221 2306 qui
235 2237 443 2301 obtuiciniam,
460 2245 488 2289 ut
500 2236 624 2298 bisinnus,
649 2232 710 2288 coeli
736 2247 831 2286 uotrsnu
853 2233 961 2296 mersit,
1011 2233 1232 2297 comparandum.
1258 2233 1337 2286 Facta
1361 2243 1450 2289 auteur
1478 2245 1560 2304 atquc
1583 2246 1678 2291 ornata
1698 2236 1799 2291 babita-

178 2337 237 2394 pnst
260 2328 435 2396 locupletatas
462 2328 517 2382 suis
538 2327 718 2380 animantibus
733 2338 830 2394 aquas,
857 2338 916 2391 que
935 2331 961 2375 et
1015 2319 1087 2373 tione
1113 2321 1258 2386 urstisiana,
1284 2333 1425 2391 supererat
1450 2333 1479 2379 ut
1504 2325 1561 2394 ipse
1583 2323 1664 2381 etiarn
1692 2337 1800 2396 propter

179 2420 238 2485 ipse
248 2419 303 2473 aeri
317 2428 377 2472 sunt
393 2434 488 2486 magua
512 2427 614 2471 naturae
636 2415 772 2470 vicinitate
789 2413 938 2482 cosqunctm
953 2429 960 2464 :
1011 2425 1091 2479 quem
1103 2413 1193 2464 ursinia
1205 2414 1368 2480 parabuntur
1381 2415 1514 2472 babitator
1525 2431 1557 2474 ac
1570 2417 1695 2473 dusninus
1709 2435 1798 2473 rerum

178 2509 331 2565 undeetde
343 2507 395 2563 tttts
409 2507 523 2577 sumpsit
546 2506 702 2570 aerimantia,
724 2505 761 2559 de
779 2503 832 2557 iltis
850 2502 959 2569 imbres,
1013 2499 1094 2554 bouum
1108 2514 1259 2567 crearetur,
1274 2505 1414 2573 sequitur:

176 2600 263 2663 nites,
278 2598 422 2669 grandines
435 2607 462 2653 et
477 2607 572 2651 catera
586 2596 667 2650 sumit
682 2594 846 2664 instiusmodi,
866 2607 962 2647 cunse-
1050 2589 1294 2648 &cussiacensis
1306 2594 1434 2649 damiatem
1444 2595 1478 2651 ad
1492 2597 1629 2668 imuqinena
1642 2606 1666 2651 et
1680 2596 1800 2651 similitu·

176 2704 260 2758 quens
274 2697 331 2743 erat
346 2687 427 2742 etism
444 2695 542 2741 terram
558 2683 818 2749 submonentibus,
845 2685 895 2734 boc
909 2691 961 2747 est,
1012 2684 1097 2739 dissent
1107 2686 1427 2758 nostramliuncapparet
1437 2690 1800 2759 evidentiusquaredecrea·

177 2796 212 2834 ex
228 2794 259 2836 se
279 2780 375 2849 gessitis
397 2778 512 2848 impleri.
536 2778 600 2831 bam
615 2791 641 2831 et
657 2777 714 2845 ipsa
730 2774 891 2844 praecipuam
913 2772 962 2826 ito·
1013 2774 1653 2846 tisberbisctarboribus,piscibusetsolatiiibus.
1667 2784 1800 2839 terrestri·

177 2873 224 2928 bet
237 2871 422 2940 cognationem
435 2883 495 2923 cum
506 2868 593 2938 equis,
608 2876 637 2921 ut
650 2878 711 2935 pute
725 2880 784 2932 quae
796 2864 855 2916 sine
869 2878 961 2918 earum
1014 2864 1063 2919 bus
1078 2880 1184 2935 quoque
1208 2867 1391 2923 assisnaabbus
1412 2869 1512 2925 dictum
1536 2872 1582 2937 sit,
1598 2881 1627 2926 ut
1641 2869 1729 2926 llesiut
1747 2871 1801 2926 siu·

177 2978 259 3019 succo
279 2971 307 3017 et
322 2960 475 3030 irrigatione
491 2973 544 3013 non
559 2959 645 3011 sotum
665 2955 836 3017 fructificare,
850 2953 896 3007 sed
913 2967 963 3007 nec
1013 2955 1073 3023 qula
1094 2955 1170 3025 jussta
1196 2971 1283 3028 gestus
1306 2967 1335 3012 ct
1359 2960 1464 3028 species
1491 2974 1566 3016 suas.
1599 2960 1800 3017 Pseridebatur

177 3056 235 3125 ipsa
259 3053 407 3108 consistere
429 3050 523 3120 possit.
549 3046 629 3103 Petro
653 3052 811 3110 attestante,
835 3045 878 3112 qui
904 3042 960 3118 ait:
1013 3049 1084 3101 euim
1100 3046 1187 3102 lotura
1206 3049 1267 3119 ejus
1283 3052 1386 3106 creatio
1406 3051 1450 3122 qui
1473 3068 1526 3107 non
1542 3052 1629 3108 solum
1643 3068 1696 3107 suo
1709 3053 1801 3122 gatteri

178 3145 246 3210 Qttltt
264 3143 319 3197 toeli
339 3149 410 3195 nunt
426 3140 509 3209 utilit.
529 3148 551 3193 tl
567 3148 633 3191 lem
644 3137 676 3190 tle
686 3151 763 3201 “iub
776 3145 799 3188 ⁶¹
813 3151 859 3205 per
867 3150 961 3202 ⁰le
975 3107 997 3166 c
1013 3139 1186 3195 stusituuuiue
1199 3154 1360 3212 congrueret
1373 3144 1512 3213 etspecie,
1526 3145 1574 3200 sed
1590 3144 1671 3200 οιιιιιι
1685 3145 1719 3199 ati
1733 3145 1801 3199 isna-

177 3235 316 3288 consistens
330 3229 377 3284 Dei
391 3230 464 3284 uerbo
478 3226 522 3299 (ll
540 3227 613 3283 Pete.
629 3241 668 3292 m,
682 3226 722 3294 li).
737 3223 816 3280 iubet
827 3239 890 3292 erqo
901 3238 961 3292 pro-
1012 3231 1104 3297 qinetu
1118 3229 1159 3282 sui
1175 3227 1313 3284 Creatoris
1333 3246 1365 3286 ac
1387 3233 1591 3288 stusit'auuiuem
1614 3233 1710 3289 buret:
1725 3234 1801 3302 cuius

178 3324 278 3378 ducere
296 3323 365 3376 lictis
380 3331 478 3376 terram
491 3319 625 3388 jumenta,
638 3324 665 3370 et
678 3314 792 3384 reptilia,
815 3322 843 3369 et
863 3313 962 3368 bestias
1012 3318 1142 3375 nobilitati
1171 3321 1317 3375 creutmnis
1344 3322 1427 3377 etiam
1450 3321 1503 3376 boc
1529 3301 1709 3377 testimonium
1735 3323 1800 3382 dat.

182 3423 262 3468 terrae
275 3430 282 3476 ;
297 3412 358 3482 quia
375 3425 440 3466 sero
461 3409 569 3465 nonsine
584 3407 728 3463 bestiarum
741 3420 821 3460 omne
832 3403 961 3475 quidquid
1013 3411 1083 3479 quod
1099 3428 1150 3467 sion
1173 3413 1245 3468 sicut
1272 3414 1297 3467 in
1325 3414 1430 3469 cutem
1457 3412 1590 3468 creaturis
1616 3412 1684 3466 disis
1707 3411 1800 3467 Dens:

180 3520 229 3561 ott
242 3504 283 3559 tei
300 3503 433 3574 ranssibus
453 3501 541 3565 saet'lb
555 3497 674 3569 θῑΰθΡῑῑὸ
694 3498 872 3568 serpentibus,
897 3511 962 3552 wtt-
1013 3502 1073 3557 etas
1088 3501 1180 3569 ltonro,
1195 3513 1223 3558 et
1237 3502 1322 3557 lactus
1335 3511 1376 3557 est
1387 3503 1485 3567 bumu;
1500 3501 1561 3556 uei:
1578 3501 1714 3559 erutuet
1729 3513 1799 3554 tcrra

181 3606 236 3652 stat
257 3595 560 3665 essecomprcbensum,
585 3592 692 3647 nomiue
714 3576 803 3646 aulem
829 3589 963 3658 reptilium
1015 3593 1161 3656 bominem,
1183 3603 1210 3648 et
1230 3592 1356 3662 produxit
1370 3602 1440 3647 terra
1455 3592 1611 3657 bominem
1628 3591 1689 3658 sed,
1707 3591 1796 3659 prius·

180 3694 261 3740 terne
279 3684 358 3739 etiarn
379 3692 517 3751 serpentes
530 3680 709 3747 continentur,
726 3680 835 3734 nominc
847 3695 911 3734 tero
919 3680 963 3749 ju·
1014 3697 1093 3750 quam
1110 3683 1197 3748 limet,
1212 3682 1353 3737 Faciamus
1367 3681 1503 3737 bominem
1517 3682 1625 3748 dicitur,
1639 3693 1667 3735 ut
1677 3680 1799 3735 uidelicet

178 3783 327 3829 mentorum
347 3789 380 3829 en
394 3789 453 3841 qun
471 3774 498 3827 in
522 3788 572 3826 usu
594 3782 656 3827 saint
682 3771 819 3826 bominum
840 3772 963 3826 animalia
1013 3777 1074 3843 quia
1104 3773 1270 3829 rationabilis
1292 3782 1416 3830 creatura
1441 3773 1618 3838 condebatur,
1633 3773 1720 3840 ,quasi
1739 3788 1800 3828 cum

178 3866 363 3935 designantur.
387 3864 436 3920 Ubi
459 3879 523 3933 ergo
543 3862 661 3918 conditio
680 3861 839 3918 describitur
854 3871 964 3916 caetero-
1014 3865 1127 3921 consilio
1150 3865 1286 3921 uideretur
1298 3868 1378 3921 lacta.
1397 3863 1477 3933 Quasi
1493 3881 1541 3935 per
1555 3865 1671 3920 studium
1683 3863 1718 3920 de
1730 3872 1800 3919 terra

178 3967 237 4010 rum
252 3954 406 4008 anirssslium
419 3953 633 4023 quadrupedum,
656 3952 732 4009 serbi
753 3953 849 4024 qratia,
870 3966 965 4008 cerso-
1016 3953 1172 4022 plasmatur,
1192 3964 1218 4008 ct
1237 3955 1413 4023 inspiratione
1426 3954 1579 4010 Centlitoris
1592 3953 1619 4009 in
1633 3954 1732 4008 virtute
1744 3953 1801 4022 spi·

178 4057 249 4108 rium,
269 4057 437 4111 caprearum,
458 4040 614 4097 bubalorum
629 4038 681 4097 ctd
698 4056 838 4110 caprorum
850 4050 964 4096 caetero·
1015 4044 1081 4099 ritus
1095 4043 1180 4097 uitalis
1195 4043 1315 4113 erigitur,
1331 4050 1362 4097 ut
1374 4043 1478 4098 scilicet
1496 4057 1549 4099 non
1564 4058 1609 4112 per
1627 4041 1636 4081 l
1651 4043 1798 4113 jussionem

178 4151 289 4207 rurisque
305 4135 472 4205 hujusmodi,
486 4136 537 4189 nisi
552 4133 622 4189 iorte
636 4145 661 4190 ct
677 4136 734 4189 baec
748 4134 782 4189 ob
795 4133 964 4189 ferocitatem
1014 4131 1098 4198 sucis,
1115 4133 1161 4187 sel
1175 4146 1223 4200 per
1234 4131 1391 4202 dignitatem
1405 4133 1566 4201 operationis
1583 4132 1719 4197 existeret,
1736 4133 1798 4203 quia

181 4226 318 4283 indomite
331 4230 429 4282 metitis
444 4226 514 4282 inter
529 4226 626 4281 bestias
636 4242 696 4281 esse
709 4226 881 4280 ndnsnnerata
893 4225 965 4281 dise·
1015 4222 1048 4278 atl
1061 4221 1213 4276 conditoris
1235 4223 1376 4293 imaginem
1400 4223 1492 4279 liebat.
1509 4223 1580 4280 Cum
1593 4233 1683 4278 autem
1704 4224 1802 4279 dicitur

179 4319 363 4391 attribuimus
377 4320 511 4387 antiquam
537 4333 602 4372 sane
625 4317 837 4381 trussslatimtcnt,
861 4316 888 4371 in
911 4332 964 4384 iqua
1015 4313 1139 4384 lucianam
1153 4313 1280 4367 lentinuus
1293 4315 1327 4366 ud
1349 4314 1487 4386 imupinens
1501 4322 1524 4366 ct
1545 4314 1740 4368 siusilituslinesss
1754 4332 1801 4368 no·

180 4413 307 4482 seriptum
330 4422 389 4468 est:
405 4412 498 4485 Ejictat
518 4424 584 4465 sessu
603 4412 715 4464 asturam
731 4410 812 4463 niuem
825 4410 964 4465 rusulum
1016 4415 1105 4469 stram,
1117 4403 1205 4458 ttttitts
1219 4414 1319 4460 sancta
1331 4403 1468 4459 Trinitatis
1482 4414 1575 4472 aperte
1587 4406 1800 4460 commendatur.

180 4520 269 4576 mnus,
283 4503 470 4575 quadrupedia,
490 4513 513 4557 et
528 4503 636 4572 reptilis,
652 4511 674 4556 et
690 4500 780 4555 iustius
795 4510 883 4568 terre,
898 4499 963 4556 nibil
1016 4495 1043 4552 Si
1056 4495 1163 4567 quidem
1177 4496 1270 4551 eadem
1285 4495 1419 4552 individua
1439 4495 1555 4550 Trinitas
1579 4496 1605 4550 in
1630 4495 1799 4565 precedente

180 4593 452 4662 omuinoqmestionis
464 4591 832 4660 est,quiasidelicctnomine
848 4591 964 4657 quadro·
1016 4601 1104 4641 rerum
1130 4586 1290 4641 iormatioue
1309 4586 1422 4657 mystice
1443 4593 1503 4641 erat
1528 4585 1673 4651 insinuata,
1691 4588 1799 4655 quando

183 4683 279 4752 pedum
299 4692 393 4738 cssncta
417 4682 611 4751 ctsrnprebensa
638 4690 700 4735 sum
713 4683 905 4750 quicuncque
919 4679 966 4735 be-
1015 4677 1172 4733 diceb-stur:
1187 4687 1214 4733 et
1225 4678 1292 4733 disit
1306 4676 1395 4736 bens:
1412 4678 1481 4744 Fiat,
1492 4687 1519 4734 et
1530 4679 1593 4734 lecit
1603 4677 1682 4746 uum
1696 4681 1802 4736 stridit

180 4769 277 4825 stiiset
291 4771 440 4838 reptilibus,
455 4782 523 4825 terra
541 4770 675 4840 produxit,
689 4767 746 4823 siue
759 4781 821 4839 quac
836 4767 887 4822 suls
899 4781 964 4823 cura
1018 4766 1087 4821 Deus
1111 4766 1181 4836 qttod
1201 4777 1273 4823 esset
1298 4769 1406 4822 lucrium.
1427 4766 1504 4823 Nunc
1525 4778 1612 4823 autem
1638 4772 1802 4824 marsiiestius

185 4866 311 4927 lmnmna,
326 4879 372 4918 seu
387 4879 445 4931 qnae
460 4873 521 4918 sunt
536 4861 589 4916 iera
605 4871 632 4916 et
646 4863 770 4931 agrestia.
1017 4857 1074 4911 lttec
1094 4857 1152 4926 ipsa
1171 4857 1329 4924 insinuatur,
1349 4871 1409 4911 cunt
1430 4859 1525 4913 dicitur
1540 4856 1700 4915 :Faciamus
1717 4859 1803 4913 tont-

219 4956 251 5010 tts
271 4957 329 5027 {ecit
346 4955 410 5009 Dese
431 4956 521 5009 bestias
535 4965 609 5009 terre
618 4956 696 5026 juste
710 4952 805 5019 species
815 4968 874 5005 snus
887 4953 965 5024 etju·
1016 4963 1075 5002 uem
1093 4948 1127 5001 uti
1141 4948 1277 5018 iusspinesn
1292 4958 1315 5003 et
1329 4947 1523 5004 similitudieem
1536 4960 1659 5015 austrasia,
1676 4959 1703 5006 et
1718 4960 1800 5016 recte,

181 5059 264 5100 sneuta
285 5059 307 5100 et
330 5061 404 5100 emite
424 5044 512 5116 ripule
529 5055 604 5100 tersae
617 5048 643 5098 in
660 5059 751 5116 penus
763 5058 821 5096 suso.
846 5041 964 5096 Notando
1017 5037 1080 5107 quia
1103 5038 1189 5092 donec
1203 5039 1225 5092 is
1239 5038 1283 5107 qui
1298 5037 1439 5093 doceretur
1459 5053 1512 5092 non
1535 5048 1603 5108 erat,
1624 5040 1650 5094 in
1672 5039 1803 5107 proltusdn

183 5137 371 5193 transmutatio
387 5135 538 5198 uerborum,
553 5135 614 5205 quia
624 5149 703 5198 supra
716 5133 817 5188 dictum
831 5141 883 5196 est,
896 5130 965 5202 quoti
1017 5127 1066 5183 luit
1079 5127 1167 5184 abdita
1188 5126 1340 5198 predicatio
1361 5128 1491 5194 Deitatis;
1513 5129 1556 5183 ubi
1582 5144 1645 5185 reru
1658 5130 1737 5200 coepit
1753 5131 1802 5186 bn·

220 5301 233 5328 ⁸
247 5290 274 5344 bs
288 5289 412 5343 nsnrsibus
428 5286 489 5344 ilss.
505 5286 671 5342 desideratur
685 5286 775 5357 pisces.
1019 5286 1239 5344 lorssicntionibus
1261 5287 1373 5356 aliisque
1392 5286 1608 5355 corruptionibus
1623 5286 1735 5351 iaciunt,
1750 5300 1800 5340 nec

218 5358 232 5398 i
248 5361 284 5413 ita
299 5360 363 5414 ttss.
376 5373 481 5413 omnes.
496 5358 576 5423 butu,
587 5366 682 5410 tumen.
1018 5360 1151 5428 recipiunt
1161 5361 1187 5411 in
1200 5373 1308 5412 socrum
1320 5372 1460 5412 numerum
1473 5356 1596 5426 cossjuqto
1607 5357 1801 5413 utcsstetss.siue

220 5440 231 5466 t
246 5431 300 5493 bb,
315 5431 477 5483 uicinitatem.
1019 5443 1119 5484 suarem
1134 5431 1191 5483 s'eue
1203 5427 1339 5481 lemiuam.
1355 5446 1364 5480 s
1380 5428 1413 5481 Et
1427 5436 1489 5481 ante
1501 5442 1549 5481 eos
1562 5427 1799 5482 Saturniilussee-

219 5495 295 5554 dbl..
312 5513 472 5567 caprearum.
1018 5515 1057 5551 rrs
1072 5500 1163 5551 ducere
1174 5499 1314 5564 liberosque
1323 5497 1426 5567 qipnere
1440 5514 1455 5548 ιι
1469 5495 1569 5550 Sntenn
1582 5513 1636 5550 esse
1650 5497 1800 5564 prottttttlt'li·

219 5566 398 5635 ‘liuiusmmit
418 5566 468 5620 luit
490 5580 565 5619 error
584 5565 792 5627 litteratitarum,
816 5563 850 5619 sle
872 5563 969 5633 quibus
1019 5569 1070 5631 iat,
1088 5576 1156 5622 teste
1168 5565 1324 5632 Epipltauiu,
1338 5566 1432 5619 ltmresi
1447 5566 1493 5626 ab.
1511 5570 1555 5635 qui
1568 5566 1663 5620 sisniliu
1678 5566 1799 5620 attribuit

183 5653 291 5693 miramus
317 5636 489 5701 bsspustinus,
506 5634 532 5688 in
556 5635 603 5691 lib.
630 5635 663 5689 sle
689 5635 806 5697 tiens..
829 5651 888 5702 cap.
910 5634 965 5688 25:
1018 5637 1173 5708 apostolicis
1185 5636 1331 5699 itereticis,
1346 5636 1393 5691 lib.
1411 5651 1440 5699 ιι,
1453 5638 1549 5690 inseres.
1565 5640 1609 5690 et.

186 5726 195 5760 ι
210 5705 231 5763 Ν
244 5709 332 5774 nptias,
349 5708 442 5774 inquit,
456 5706 594 5770 decurtant,
610 5715 691 5775 atque
705 5703 814 5761 omnino
830 5719 906 5773 paret
921 5719 966 5760 ets
1057 5707 1065 5745 ί
1083 5705 1150 5760 liunt
1165 5716 1190 5761 ct
1204 5720 1271 5760 uuus
1285 5706 1345 5774 its,
1356 5706 1588 5776 tussicularum.
