3794 6120
126 289 182 349 ιιι
679 292 725 349 ue
745 291 882 351 rrtsrrto
902 293 1099 353 ssttouoms
1117 276 1230 354 ιιιιιιι.1
1717 308 1769 367 eos

124 409 292 469 earrdrlslrro
316 414 342 463 ct
363 406 489 462 lucernas
509 418 602 461 eornm
616 409 705 478 typice
729 410 819 477 distet,
832 423 927 480 possu-
943 413 968 471 Δ
983 409 1079 465 dnurus
1094 412 1230 467 interioris
1244 410 1328 466 sarrcti
1341 421 1496 470 sorrctornm
1511 418 1630 488 angelica
1644 430 1707 477 snrrt
1719 424 1771 478 mi.

126 518 193 561 ntus
214 508 288 555 recte
309 499 461 569 intelligere
485 499 609 555 lucernas
628 515 689 555 esse
710 501 782 556 riros
804 512 925 569 sanctos,
977 502 1138 569 stc-rismum
1152 502 1230 556 uolris
1244 502 1278 557 de
1295 517 1411 572 corpore
1425 509 1541 574 egressis
1555 509 1693 566 introitum
1708 513 1771 568 ritca

120 594 175 665 not
189 592 250 647 oleo
265 599 349 645 sanctu
366 589 482 659 Spiritus
496 590 586 657 inlusi
601 601 627 646 et
640 592 688 659 ipsi
704 593 759 664 igni
772 592 927 649 dilectionis
977 596 1099 651 cmlestis
1122 605 1262 662 reserant,
1278 606 1304 652 et
1319 599 1388 650 ostia
1410 597 1506 652 dornus
1530 601 1622 670 templi
1643 602 1770 660 doctores

125 688 228 742 ardent
248 685 274 740 in
290 684 388 746 corde,
403 694 431 738 et
449 683 579 754 proximis
593 684 679 740 lucem
695 687 814 741 scientim
836 687 927 755 prole·
977 685 1062 739 socrati
1078 700 1109 739 ac
1128 686 1305 752 sacerdotes,
1327 686 1372 755 qui
1388 687 1566 753 instruendo,
1588 689 1769 759 baptizando,

128 788 194 835 rom
212 777 239 831 in
255 777 355 847 lingna.
372 774 539 830 candelabra
554 787 644 830 autern
660 791 720 845 orum
741 776 789 830 lias
804 779 927 832 lnccnras
977 776 1105 831 dominici
1132 777 1255 843 corporis
1269 787 1297 829 et
1320 777 1457 845 sanguinis
1473 780 1600 845 rorsteris
1616 781 1770 834 connnnni·

126 868 156 923 in
171 867 289 920 surblime
303 865 410 929 tollunt,
428 873 457 917 ιιι
471 866 550 932 longe
562 865 669 934 latoque
681 866 765 921 rideri
780 865 884 935 possint
900 868 926 920 iu
977 866 1083 933 casido,
1100 866 1188 936 prima
1205 866 1283 921 rmlris
1301 870 1439 937 proesentis
1453 871 1575 926 ecclcsiae
1589 871 1690 926 lonrioa
1705 886 1770 940 pan·

127 960 263 1022 Ecclesia,
279 957 447 1025 Scriptorum
473 971 532 1010 esse
555 971 747 1027 sacrumque·
771 967 925 1011 sanctornm
977 956 1065 1022 durrt,
1094 956 1157 1024 quid
1183 956 1309 1011 cardines
1335 968 1510 1027 utrorumque
1541 960 1691 1026 ostiorum,
1718 961 1769 1016 nisi

127 1051 208 1107 nolus
222 1051 338 1103 uirtutes
350 1056 378 1102 ιι
392 1047 545 1102 doctrinam
557 1061 604 1101 sus
621 1046 737 1100 lectione
749 1047 925 1112 demonstran
978 1061 1075 1103 seusus
1098 1059 1126 1101 et
1151 1049 1231 1102 corda
1259 1050 1415 1103 eorumdem
1445 1060 1507 1104 suut
1533 1052 1688 1121 angelorum
1713 1052 1770 1108 sire

129 1145 174 1197 cui
200 1140 325 1195 uidelicet
349 1137 564 1206 interpretationi
589 1136 682 1190 annuit
705 1136 926 1199 sermollomini,
979 1146 1159 1203 sarrctornm,
1186 1138 1282 1207 rudibus
1301 1139 1474 1195 immobiliter
1495 1141 1714 1210 contemplationi
1737 1156 1769 1199 aa

126 1230 293 1303 quodie-itur
314 1229 348 1282 de
370 1226 474 1282 lrranoe
491 1244 497 1278 :
514 1223 565 1280 lllc
585 1236 640 1280 erat
660 1225 765 1280 lucerna
790 1227 883 1281 ardens
903 1234 927 1279 ιι
978 1230 1117 1285 dilectioni
1143 1232 1183 1284 sui
1207 1229 1359 1285 Conditoris
1372 1231 1523 1297 adhaerent,
1540 1242 1567 1285 ut
1588 1247 1621 1288 ea
1644 1232 1769 1287 ministe-

126 1326 218 1379 lucens
230 1320 321 1391 (loon.
330 1322 367 1389 r).
382 1319 526 1373 Possumus
537 1318 617 1372 etiam
628 1317 664 1372 ita
676 1319 815 1387 aptissime
826 1319 926 1386 dicore,
980 1324 1049 1376 rium
1074 1322 1204 1377 diuinitus
1228 1323 1278 1377 silui
1301 1323 1473 1395 delegatum,
1500 1334 1572 1380 recte
1596 1324 1769 1393 conspicans,

127 1414 192 1485 spuria
218 1415 336 1468 tocerme
356 1422 418 1465 sunt
438 1410 529 1465 diuina
545 1409 662 1480 eloquia,
675 1410 750 1479 justo
771 1410 837 1465 illud
852 1410 923 1464 Psoi·
978 1410 1049 1481 quod
1064 1426 1079 1465 a
1095 1412 1233 1466 uoluntate
1251 1412 1341 1476 illius,
1365 1414 1408 1469 cni
1433 1414 1605 1479 inluminent,
1632 1428 1769 1482 rrurrrpram

127 1506 234 1570 mistae,
251 1503 323 1574 qorrd
346 1512 373 1559 et
399 1516 479 1571 snpra
508 1501 645 1571 posninms
660 1518 666 1553 :
682 1501 800 1555 Lucerna
820 1502 927 1569 pedibus
977 1501 1071 1554 oculos
1084 1510 1218 1555 auertunt.
1238 1501 1402 1570 Aperiantur
1413 1517 1478 1573 ergo
1490 1514 1516 1559 ιι
1529 1504 1768 1560 elanddotrrrostio

126 1602 192 1657 ιιιιιι
206 1601 309 1655 nerium
328 1610 400 1654 tuum
414 1599 422 1668 ι
435 1596 509 1652 Prot.
525 1612 608 1653 curun
619 1597 638 1667 ).
656 1594 824 1651 candelabro
836 1604 925 1650 autem
978 1597 1100 1661 tempore
1112 1607 1243 1662 corrgruo,
1257 1593 1304 1648 scd
1319 1593 1393 1647 nullo
1407 1608 1485 1649 suum
1499 1594 1635 1650 carrinam
1650 1604 1770 1663 tempore

130 1690 228 1747 lrarnm
241 1691 411 1744 lucernarum
433 1687 518 1741 sancti
534 1702 648 1750 ornrres,
664 1687 708 1753 orii
728 1700 775 1740 sua
798 1685 878 1741 corda
898 1693 927 1739 ιι
977 1680 1127 1747 deserunt,
1149 1686 1210 1751 quia
1233 1692 1261 1737 et
1281 1684 1368 1752 angeli
1386 1694 1413 1738 et
1434 1685 1556 1739 homines
1570 1684 1655 1739 sancti
1669 1686 1727 1740 sire
1742 1687 1768 1740 in

127 1796 244 1850 corpora
272 1778 390 1835 serendis
405 1777 511 1831 Durnrirri
537 1778 680 1844 mandatis,
703 1775 797 1832 lmruili
818 1790 924 1845 semper
942 1759 963 1817 Β
978 1772 1252 1837 sicutnumerus
1267 1775 1291 1827 iu
1307 1775 1350 1829 illa
1361 1775 1461 1842 speciei
1476 1774 1568 1830 ductos
1578 1785 1657 1845 atrrue
1669 1777 1770 1832 electos

131 1872 282 1929 intentione
299 1877 461 1940 supponunt.
478 1867 605 1937 Quisquis
628 1867 701 1923 enim
723 1867 749 1921 in
773 1868 846 1921 nullo
862 1883 925 1935 pro-
979 1867 1148 1936 suscipiant,
1169 1880 1277 1934 semper
1291 1866 1408 1920 animum
1436 1866 1463 1920 in
1486 1868 1576 1921 radice
1598 1869 1710 1924 interme
1731 1868 1771 1923 di·

131 1961 219 2032 prium
243 1960 319 2029 sequi
340 1967 416 2014 curat
439 1958 613 2023 uoluntatem,
635 1971 728 2011 verum
753 1956 780 2010 in
802 1956 927 2013 osoribus
982 1957 1108 2014 lectionis
1123 1959 1205 2013 ianm
1222 1964 1325 2013 tonent.
1340 1958 1417 2014 Unde
1432 1957 1500 2014 lrene
1516 1959 1596 2014 iidem
1607 1959 1728 2014 cardines
1738 1975 1771 2014 es

128 2068 192 2123 quae
217 2051 357 2119 Scriptura
382 2059 472 2103 sancto
499 2047 575 2114 dicit,
600 2046 726 2112 attendit,
755 2047 868 2117 ejusque
897 2061 927 2102 se
985 2064 1052 2105 suro
1069 2049 1133 2105 lacti
1148 2062 1208 2103 esse
1223 2048 1545 2119 perlrilrentnr,propter
1558 2048 1679 2104 videlicet
1692 2050 1772 2105 urseri-

128 2144 268 2215 subjicere
292 2141 426 2197 mandatis
448 2142 563 2210 satagit;
588 2140 740 2195 auscultare
766 2139 925 2209 promissis,
979 2149 1036 2197 tum
1054 2142 1169 2211 propriae
1183 2141 1325 2196 claritatis.

128 2236 207 2307 quasi
221 2231 413 2289 condelabrum
435 2232 532 2287 doruos
551 2232 599 2287 liei
619 2244 733 2287 arrrenm
756 2245 853 2287 aureas
868 2231 927 2301 ejus
1013 2233 1167 2305 Superioris
1182 2249 1255 2289 orrrue
1270 2251 1354 2305 opus,
1370 2242 1423 2290 ele.
1444 2233 1551 2291 Perfleit
1563 2234 1691 2291 Salomon
1700 2249 1768 2304 opus

128 2334 219 2397 gestat
243 2324 384 2389 lucernas,
404 2323 467 2390 onia
491 2330 565 2375 casta
589 2320 714 2389 corporis
737 2320 779 2375 rui
807 2320 926 2374 menrlrra
978 2326 1048 2394 quood
1064 2323 1178 2380 iaciebat
1200 2324 1228 2379 in
1250 2324 1333 2380 domo
1347 2324 1451 2379 liormni
1465 2365 1473 2390 ,
1488 2340 1549 2380 cum
1567 2324 1622 2380 iles
1639 2326 1766 2394 pacilicns

127 2426 217 2473 castas
239 2416 338 2471 mentis
361 2414 536 2482 cog'tutiones
559 2412 592 2466 ad
622 2411 743 2466 iacienda
769 2426 828 2482 qnae
856 2411 926 2469 ilem
980 2426 1073 2471 noster
1089 2416 1115 2470 in
1130 2416 1173 2471 die
1188 2416 1334 2471 norissima
1346 2430 1440 2470 onmes
1451 2417 1550 2471 electos
1565 2416 1771 2473 resurrectionis

127 2506 224 2579 iulet,
254 2519 406 2575 supponere
421 2503 570 2558 contendit.
585 2503 619 2557 Et
633 2502 684 2556 lroc
700 2511 752 2556 tam
768 2502 819 2556 lira
835 2503 926 2557 intro·
980 2507 1186 2563 immortalitate
1219 2507 1363 2576 glorilicot.
1392 2507 1517 2577 Alioquin
1544 2508 1662 2575 rrrrandin
1688 2517 1772 2563 status

130 2600 204 2657 tione
225 2614 308 2669 arram
332 2598 537 2663 candelabrum,
561 2611 671 2653 necesse
694 2606 737 2653 est
758 2598 870 2652 lirmiter
892 2596 926 2652 ad
981 2598 1063 2667 liujus
1079 2597 1170 2652 sacculi
1186 2597 1310 2669 geritur,
1327 2597 1388 2653 lacit
1403 2599 1510 2669 qrrldem
1526 2613 1592 2667 opus
1607 2598 1703 2653 dorrrus
1719 2598 1772 2651 llo·

130 2706 246 2760 superna
260 2698 392 2754 erectum,
410 2690 551 2758 impositas
565 2690 617 2744 sibi
634 2690 758 2744 lucernas
772 2702 824 2743 rron
840 2687 926 2742 solnm
982 2692 1047 2744 nulrri
1073 2689 1203 2745 Salomon
1219 2730 1226 2752 ,
1253 2688 1301 2745 sed
1323 2689 1442 2744 nondum
1468 2691 1593 2757 perlicit,
1613 2689 1674 2758 qnia
1689 2688 1770 2744 corda

130 2782 233 2851 absque
247 2782 337 2844 ruina,
360 2780 502 2834 ῦθ118113111
524 2780 626 2847 filistiim
640 2777 694 2831 1111ι
709 2786 795 2832 statos
811 2778 851 2832 Stil
866 2793 926 2831 mtt-
977 2784 1127 2837 electorum
1144 2780 1289 2845 Dominus,
1306 2789 1336 2835 nt
1350 2782 1419 2834 bosra
1435 2789 1599 2849 operentur,
1616 2781 1767 2848 inspiraret

130 2874 237 2930 tatione
253 2888 314 2928 reru
325 2887 373 2926 tre.
390 2871 466 2938 Quod
481 2885 544 2924 rere
558 2885 618 2923 curo
632 2869 746 2924 dixisset
762 2886 768 2922 :
785 2867 820 2920 Er
834 2869 927 2923 currde·
979 2873 1111 2941 adjurat;
1128 2870 1231 2925 nullum
1256 2882 1344 2925 turtreo
1361 2870 1387 2924 in
1404 2872 1453 2924 lrac
1477 2871 1529 2925 rita
1551 2871 1681 2924 duntaxat
1696 2884 1769 2925 com-

133 2964 206 3019 laisa
231 2980 312 3018 aurea
333 2964 444 3033 quirrque
465 2961 499 3015 ad
513 2961 654 3026 deuterum,
669 2968 692 3014 ιι
707 2960 820 3029 quinque
841 2958 876 3013 ad
890 2961 926 3011 ri·
977 2969 1130 3015 morantem
1146 2960 1248 3030 alisque
1263 2969 1374 3030 peccsto
1389 2973 1450 3014 esse
1465 2959 1574 3023 trilmit,
1590 2974 1705 3028 namque
1720 2959 1770 3014 lroe

131 3060 238 3115 sistram
256 3066 347 3111 contra
360 3057 493 3111 oraculum
507 3070 539 3108 ea·
553 3068 619 3107 aura
633 3068 717 3123 pura,
742 3050 846 3106 addidit
868 3068 873 3103 :
892 3049 926 3103 Ει
977 3049 1076 3105 donum
1089 3048 1185 3105 loturae
1200 3051 1262 3104 ritae
1277 3048 1434 3104 beatitudini
1448 3048 1692 3105 reseruatPer-lrcit
1706 3064 1770 3106 uero

130 3149 204 3222 ιιιιιιι
222 3149 273 3204 lilii
287 3150 381 3218 plores,
397 3156 422 3201 ιι
442 3147 559 3200 lucernas
579 3144 687 3215 desuper
701 3158 804 3212 aureus,
819 3142 924 3198 ridetur
978 3154 1058 3197 enine
1079 3155 1146 3211 opus
1166 3141 1258 3211 templi
1283 3140 1345 3208 sui,
1371 3150 1398 3195 et
1423 3139 1474 3194 ltoc
1494 3139 1656 3195 dedicationi
1678 3152 1769 3210 aptum

133 3240 208 3311 lustr
229 3240 360 3307 litteram,
375 3238 437 3307 onia
460 3250 586 3305 suprema
611 3248 675 3304 pars
698 3233 925 3289 candelabrorum
978 3232 1086 3300 reddit,
1102 3247 1163 3288 enm
1191 3232 1334 3287 translatos
1356 3230 1391 3288 de
1415 3230 1466 3286 lrac
1495 3231 1547 3285 uita
1567 3232 1667 3288 electos
1689 3243 1769 3287 aeter·

134 3330 159 3385 io
175 3331 287 3386 modum
298 3330 333 3384 sit
343 3328 392 3383 lilii
408 3326 518 3397 repandi
529 3326 690 3390 delorrnata,
704 3324 774 3395 quod
789 3324 817 3379 in
828 3324 925 3379 cande·
982 3339 1045 3378 num
1063 3324 1188 3393 perducit
1203 3324 1236 3379 ad
1253 3338 1374 3395 regnum.
1390 3322 1466 3390 Quod
1483 3324 1551 3378 irene
1564 3322 1729 3392 signiticatnr
1743 3333 1771 3377 et

135 3419 209 3476 labro
237 3418 402 3474 tubernaculi
431 3418 529 3471 lactum
552 3429 613 3471 esse
636 3414 772 3484 legimns,
801 3413 876 3484 cirins
898 3423 926 3469 ιι
979 3416 1179 3487 iolroc‚quod
1196 3413 1768 3486 templumseptemarrrrisardilucatnmes',

135 3511 217 3580 stipes
240 3508 359 3575 medius,
375 3517 402 3562 et
422 3507 518 3562 calanrl
541 3520 575 3560 es
598 3504 655 3574 ipso
670 3504 845 3575 procedentes
865 3518 925 3560 cum
976 3521 1072 3565 octauo
1094 3518 1183 3564 autern
1199 3508 1347 3578 perlectum
1370 3520 1403 3560 ac
1422 3505 1576 3560 dedicatum
1593 3515 1643 3560 eut.
1660 3504 1768 3573 Septem

135 3602 245 3675 sryplsis
266 3612 294 3656 ct
309 3599 463 3670 splrarrnlis,
480 3596 534 3652 lilia
548 3596 702 3651 scribuntur
723 3596 848 3650 habuisse
861 3610 925 3665 per·
984 3616 1099 3672 nomque
1113 3601 1208 3657 diebos
1233 3615 1313 3655 omrre
1336 3599 1387 3653 lroe
1401 3608 1507 3667 rempus
1528 3596 1654 3651 uoluitur.
1669 3597 1769 3651 Octava
1824 3650 1833 3665 ,

133 3692 260 3761 plurima·
288 3690 308 3745 F
312 3691 383 3744 iores
407 3697 497 3742 autem
527 3685 592 3754 lilii,
617 3685 687 3739 sicul
711 3684 923 3754 812Ρθ1111111111,
976 3703 1018 3746 est
1042 3693 1100 3747 dies
1124 3691 1217 3761 judicii
1243 3701 1271 3745 et
1288 3689 1494 3745 resurrectionis
1519 3687 1636 3751 lurtrrrae,
1658 3688 1693 3742 de
1715 3702 1766 3756 rpus

132 3781 320 3839 autumnitatem
338 3795 446 3851 semper
460 3781 571 3835 uirentis
594 3789 672 3835 terrae
692 3779 837 3835 uiuentium
852 3780 925 3835 desi·
977 3782 1081 3838 l‘snlmi
1092 3792 1186 3837 sessus
1197 3791 1224 3835 ct
1237 3781 1394 3835 undecimus
1407 3778 1532 3832 attitulati
1546 3785 1626 3842 sunt;
1641 3777 1682 3831 cui
1697 3778 1769 3832 ride·

133 3880 228 3941 guam.
244 3870 286 3925 lle
302 3886 355 3940 qrra
370 3870 434 3925 dicit
449 3871 543 3925 locatus
558 3869 663 3935 Petrus,
675 3880 834 3941 regenerator
848 3886 925 3925 uasa
977 3874 1040 3929 lieet
1055 3873 1168 3943 tempori
1183 3871 1311 3928 conuenit
1324 3882 1386 3939 apre
1399 3870 1470 3939 qnod
1485 3869 1624 3939 sequitur:

134 3959 246 4017 domim
260 3962 285 4014 iu
297 3976 367 4030 spem
384 3960 466 4015 uirum
477 3961 502 4013 iu
511 3960 686 4015 hereditatem
696 3958 923 4029 incorruptibilem,
1013 3964 1047 4019 Er
1061 3964 1147 4019 intulit
1157 3981 1214 4035 qum
1232 3963 1422 4030 sacrificaverat
1443 3971 1515 4031 pater
1528 3965 1585 4034 ejus
1598 3960 1699 4026 Dauid,
1712 3969 1766 4017 ele.

133 4064 154 4107 ιι
167 4054 410 4116 lucorumrmoram,
425 4063 448 4106 ιι
461 4053 697 4108 immarcessibilem
708 4062 883 4107 aestumatum
898 4056 924 4108 ιἰι
977 4061 1124 4130 Argentmo
1144 4070 1260 4126 namque
1280 4055 1313 4109 ad
1339 4055 1455 4110 nitorem
1479 4053 1658 4122 eloqrrentioe3
1673 4067 1767 4107 aarum

132 4146 212 4199 cerlis.
232 4144 267 4198 lit
292 4144 360 4199 irene
384 4145 432 4197 lilii
452 4127 532 4215 'riores
554 4144 625 4198 arrei
643 4144 670 4198 iu
690 4144 845 4199 eaudrlalrro
864 4155 923 4200 suut
982 4148 1015 4204 ad
1038 4148 1211 4216 splendorem
1227 4147 1385 4212 savientia,
1410 4159 1473 4201 vasa
1494 4143 1654 4216 generaliter
1674 4144 1708 4199 ad
1722 4161 1767 4199 ra·

132 4234 191 4303 [ocri
204 4235 298 4288 domur
316 4234 431 4297 verrini,
455 4234 517 4302 quia
543 4234 632 4288 diuina
654 4234 806 4306 Scriptura,
826 4241 925 4302 spretis
983 4242 1111 4296 siorralcm
1128 4239 1264 4307 pertinent
1277 4247 1440 4292 creaturam.
1462 4236 1670 4306 Sanctillcatque
1685 4236 1767 4292 llarid

133 4323 326 4393 ternporalilms
341 4323 456 4393 gaudiis,
469 4324 501 4377 ad
515 4324 665 4392 appetenda
680 4338 730 4379 uos
747 4325 816 4380 lorus
831 4326 925 4393 patrie
980 4344 1056 4401 parer
1079 4331 1232 4387 Salomonis
1255 4340 1416 4399 argeutum,
1441 4344 1503 4383 eom
1529 4329 1599 4385 Deus
1624 4337 1697 4396 pater
1711 4330 1768 4383 clo·

131 4414 251 4473 reterns
268 4427 417 4484 prouocare
435 4417 587 4469 consuerit.
604 4416 637 4470 Es
655 4415 791 4484 quarnodo
812 4425 924 4470 erectum
978 4434 1093 4493 quornm
1107 4437 1228 4493 quosque
1250 4423 1335 4491 gratia
1362 4420 1449 4475 salicti
1465 4419 1580 4487 Spiritus
1599 4420 1632 4475 sd
1655 4421 1767 4491 loquen-

131 4508 309 4566 iaslritudine
321 4507 507 4563 caudelabrum
521 4507 573 4561 lilii
587 4509 664 4577 {lorus
679 4518 703 4563 ιι
717 4507 833 4563 lucemus
847 4508 921 4564 lrnlret
979 4514 1043 4569 dum
1061 4514 1172 4569 verbnm
1187 4512 1323 4582 Evangelii
1337 4510 1486 4575 coniectat,
1501 4511 1652 4565 sanetillcat
1662 4526 1768 4577 ararum,

132 4616 223 4657 surm
240 4602 266 4655 iu
282 4602 379 4671 capite,
393 4601 429 4655 ita
444 4611 539 4654 omncs
548 4597 627 4653 electi
639 4598 685 4668 qni
698 4598 726 4654 in
740 4599 834 4654 cadero
849 4598 923 4657 Seri-

132 4702 206 4762 ptura
229 4706 307 4747 sacra
329 4692 513 4755 continentur,
529 4698 622 4746 erecto
635 4689 668 4745 ad
690 4704 805 4761 superna
820 4705 921 4756 sensu,

131 4778 253 4835 eoelestia
276 4778 346 4832 oona
372 4792 386 4832 a
414 4777 529 4832 damino
550 4777 694 4847 quaesisse,
718 4786 746 4832 et
771 4782 922 4847 percepisse

132 4871 295 4935 probantur.
323 4868 445 4922 llisimns
469 4867 573 4935 plenius
588 4867 622 4922 de
637 4881 728 4922 orensa
748 4877 777 4922 et
795 4867 921 4923 candela·

131 4958 188 5025 tro,
203 4967 232 5013 ιι
254 4968 370 5025 utroque
392 4958 481 5022 altari,
506 4972 540 5012 sc
561 4957 618 5012 basi
641 4958 737 5013 domus
761 4958 878 5025 liomini,
894 4961 921 5015 iu

133 5045 210 5103 lilrrls
225 5061 294 5117 quos
308 5046 343 5101 de
359 5044 460 5101 lactura
472 5045 635 5101 tabernaculi
648 5053 676 5101 ιι
691 5047 782 5101 habitu
797 5048 922 5103 sacerdo·

131 5140 174 5194 tali
186 5139 361 5208 scripsimus.
375 5137 403 5194 Si
417 5139 476 5206 quis
488 5137 635 5207 erganxta
647 5137 821 5207 capacitatem
837 5141 921 5195 nestri

129 5246 227 5287 ιιιιιιιιι
242 5246 276 5285 es
298 5240 402 5300 patrum
419 5229 561 5284 traditione
575 5230 740 5300 progenitam
753 5229 789 5287 de
800 5228 840 5286 lais
850 5231 907 5288 scir

127 5322 278 5390 desiderat,
294 5323 321 5377 in
333 5321 381 5377 illo
393 5336 475 5392 opere
486 5321 614 5390 requirat.
630 5322 776 5392 Sequitur:

415 5435 529 5493 corut
559 5435 642 5493 ltltt'.

127 5528 164 5587 lle
177 5531 328 5586 cardinibus
349 5530 493 5657 ostiorumb
508 5531 809 5615 supersederemus
828 5533 920 5589 deuius

493 5617 583 5657 amens.

158 5692 196 5751 lit
209 5694 329 5751 curdiuer
343 5693 466 5753 ostiorusr
479 5695 570 5752 domus
584 5691 690 5780 Domini
703 5738 712 5768 ,
734 5702 788 5756 eta.
808 5695 836 5755 Si
850 5698 918 5755 ostis

976 4622 1037 4662 com
1051 4607 1165 4660 naturali
1187 4605 1295 4674 ingenio
1319 4602 1446 4671 preditos
1462 4616 1513 4657 suo
1527 4601 1637 4670 replens
1651 4601 1767 4669 Spiritu,

976 4696 1010 4752 ad
1035 4694 1229 4752 consideranda
1254 4696 1281 4749 io
1308 4693 1368 4765 lege
1383 4707 1430 4748 sua
1457 4692 1588 4748 mirabilia
1615 4692 1767 4759 illuminat;

977 4786 1128 4843 sanctificat
1150 4794 1179 4842 et
1202 4800 1285 4850 rasa,
1300 4800 1362 4841 erim
1380 4783 1508 4839 omnibus
1531 4784 1691 4851 generaliter
1706 4782 1768 4836 dliis

978 4879 1106 4935 Scelesie
1129 4877 1254 4948 ejusdem
1283 4880 1401 4945 Spir'tus
1426 4876 1537 4947 gratiam
1568 4873 1699 4942 largitus,
1734 4875 1767 4927 orl

976 4967 1090 5023 ornanda
1109 4966 1193 5034 illos,
1214 4974 1242 5022 et
1254 4966 1404 5036 appetenda
1425 4966 1494 5022 dona
1510 4972 1648 5033 perpetuae
1672 4962 1768 5014 saliuis

977 5059 1169 5116 inflammatur.
1193 5060 1251 5114 lloe
1274 5067 1363 5114 autern
1389 5068 1553 5127 argentum,
1578 5054 1629 5108 hoc
1650 5066 1768 5119 auruum,

977 5152 1035 5208 lree
1049 5151 1215 5207 sanctificata
1230 5164 1293 5205 rasa
1313 5148 1441 5206 Salomon
1457 5146 1537 5202 iulert
1562 5144 1589 5197 io
1613 5128 1743 5211 templu'm
1760 5181 1768 5206 ,

975 5258 1036 5299 eum
1052 5242 1182 5298 Dominus
1200 5250 1292 5297 noster
1307 5248 1418 5311 peracto
1432 5235 1576 5292 uniuersali
1588 5232 1691 5303 judicio
1704 5248 1762 5283 orru-

977 5349 1024 5390 ιιι
1046 5334 1147 5388 electos
1160 5374 1168 5399 ,
1183 5342 1211 5387 ιι
1232 5331 1358 5386 doctores
1381 5328 1525 5391 uidelicet,
1552 5333 1580 5376 et
1600 5331 1761 5376 ceterorum

975 5426 1096 5482 lidellurn
1111 5433 1209 5479 cretum
1225 5424 1251 5477 io
1274 5420 1400 5491 goudium
1417 5415 1491 5485 regni
1504 5414 1623 5469 eoelestis
1639 5412 1761 5467 introdu-

973 5519 1029 5575 cit:
1045 5517 1203 5587 reponitque
1215 5529 1278 5571 uasa
1304 5509 1404 5566 diuersi
1426 5507 1531 5578 gesseris
1556 5513 1683 5577 argentes
1706 5506 1764 5560 sire

973 5622 1055 5665 aurea
1070 5608 1096 5661 in
1120 5606 1253 5660 tlrcsauris
1267 5604 1363 5659 domus
1380 5598 1507 5663 Domini,
1534 5596 1640 5668 quando
1656 5608 1703 5650 eos
1717 5596 1763 5665 aul

972 5694 1141 5755 multitudine
1153 5692 1302 5752 dulcedinis
1315 5692 1377 5763 eius
1394 5688 1446 5747 lrui
1462 5686 1631 5751 rrrcrucrint,
1649 5685 1758 5741 abscou-
