3794 6120
125 412 161 471 99
371 413 471 469 BEDAE
492 409 720 466 vettsslttttttls
740 407 882 463 otettltl
904 405 996 464 PARS
1017 407 1049 466 lt.
1066 412 1099 454 -’-
1119 412 1317 470 execution
1338 411 1504 469 GENUiNA.
1698 414 1752 471 lato

124 525 257 598 perfector
274 524 307 580 ad
323 524 427 579 beatam
444 535 494 575 nns
507 522 637 574 visionem
652 519 737 574 nostri
755 516 909 572 Conditoris
927 518 1006 574 titus
1024 535 1055 575 ac
1079 524 1260 580 sanctificatos
1280 523 1314 579 ad
1328 538 1402 594 spem
1427 523 1508 578 mittit
1531 522 1593 579 vitae
1619 526 1753 594 caelestia,

126 616 319 672 “adduxerint
336 614 412 668 Unde
424 614 492 666 laerte
511 610 579 665 liitev
594 610 769 669 Psalmorurn,
784 607 830 675 qui
849 621 912 660 cett·
966 612 1089 668 auleticon
1109 615 1216 682 quarrata
1239 614 1344 670 veniant
1364 624 1392 670 et
1414 623 1561 685 appareant
1578 626 1644 674 ante
1657 617 1755 674 faciem

126 709 229 765 fenario
252 716 279 761 et
302 704 531 777 quinquagenario
555 716 664 756 numero
692 700 857 760 nuntiantur.
886 697 911 750 in
968 701 1025 756 liei.

126 800 215 854 divina
229 797 306 853 laude
326 806 536 851 consummatur.
552 794 656 849 initiunt
673 789 782 861 quidem
797 790 912 845 beatitu·
1002 791 1186 847 Decimornim
1205 809 1289 848 manae
1310 795 1393 864 prima
1409 795 1453 851 dis
1468 797 1563 851 masia
1576 808 1756 867 appmuerunt

126 889 196 946 dinis
217 886 410 943 acontinentia
430 895 458 942 el
471 887 568 941 divine
583 886 649 955 legis
674 883 847 938 meditatione
869 895 915 935 su·
968 883 1102 936 camarina
1118 885 1250 939 artontium.
1267 885 1358 941 Potest
1371 887 1429 944 dies
1443 889 1528 957 prima
1542 888 1639 945 decimi
1655 890 1757 946 mensis

126 996 214 1045 metis,
237 980 370 1035 dicendo:
391 977 487 1034 Beatus
508 980 546 1032 air
560 977 605 1046 qui
619 993 669 1030 aori
683 976 744 1030 aiiii
767 974 794 1028 ia
808 973 914 1028 romilio
969 974 1073 1029 initium
1090 975 1153 1031 illud
1174 980 1234 1031 vite
1259 979 1385 1047 perennis
1407 980 1533 1052 intelligi,
1558 996 1612 1050 quo
1626 983 1707 1039 etiam
1729 984 1757 1038 in

126 1073 265 1139 impiorum
285 1071 374 1144 (Paul.
389 1085 408 1136 t,
425 1072 465 1142 l),
479 1079 508 1126 el
525 1079 632 1126 cetera.
658 1068 735 1123 Ciam
757 1066 837 1121 inem
852 1077 917 1120 vero
970 1064 1019 1120 trac
1042 1063 1096 1120 vita
1124 1066 1202 1134 positi
1225 1075 1333 1137 gustant
1354 1076 1384 1124 et
1406 1068 1497 1125 vident
1520 1073 1607 1127 sancti
1629 1073 1758 1142 quoniam

128 1177 195 1219 nova
210 1161 289 1217 inituri
300 1163 391 1218 samnii
403 1161 498 1230 gaudia
509 1155 836 1221 commendansdicendo,
849 1163 878 1209 et
888 1152 915 1207 in
969 1156 1060 1211 suavis
1078 1164 1121 1211 cat
1144 1156 1285 1213 llumirtus.
1302 1158 1330 1213 lu
1345 1160 1454 1229 quadie
1468 1170 1598 1231 apparent
1618 1164 1758 1233 ‹tacutaina¹

128 1253 187 1324 ipen
202 1253 255 1309 lirae
273 1261 369 1309 cancta
383 1252 410 1307 in
426 1251 474 1307 liei
489 1250 569 1308 huda
582 1262 791 1306 cotisnmmans:
809 1243 917 1300 cantate
970 1246 1292 1316 nanntiumqniaquanm
1302 1247 1541 1317 perfectiuslrocin
1552 1263 1646 1305 eornm
1656 1251 1758 1306 maudo

130 1345 239 1401 maduo
250 1347 378 1401 canticam
388 1360 491 1410 nomm,
505 1343 652 1415 itamejua
662 1342 689 1396 ia
703 1340 809 1395 aeclesia
819 1346 918 1392 anacto-
970 1335 1052 1390 corde
1063 1336 1175 1404 geritur,
1188 1345 1263 1391 tanto
1277 1339 1380 1394 certltts
1392 1331 1526 1394 mandaria
1537 1339 1669 1397 celsitudo
1676 1355 1759 1412 qttatrt

128 1435 391 1507 venalissimum,
408 1435 454 1504 ii;
469 1436 505 1490 ita
517 1445 530 1475 ι
542 1432 743 1499 concludendo;
760 1430 850 1484 Omnia
861 1429 917 1497 api·
972 1423 1069 1478 irttstra
1081 1424 1188 1480 infletur
1201 1426 1324 1495 patescit.

130 1528 194 1584 maa
212 1525 301 1581 laudet
323 1523 460 1581 domium
475 1524 561 1596 (Ptol.
576 1523 670 1597 cmi).
686 1523 736 1590 Qui
756 1520 919 1577 centesimos
1005 1512 1118 1584 (latomus
1131 1517 1280 1572 transirent
1296 1519 1467 1592 quadraginta
1484 1521 1549 1592 dira,
1566 1524 1684 1594 aperiens
1702 1524 1762 1580 fiae

130 1617 403 1687 etquinquagasimus
415 1613 764 1685 psalmusarerfmtotusia
776 1611 824 1668 ttei
839 1608 920 1666 laude
972 1604 1109 1674 feamtram
1126 1621 1204 1672 aare,
1225 1623 1303 1677 quant
1324 1610 1429 1680 formal,
1450 1612 1546 1667 dimiait
1565 1630 1679 1682 coruum,
1703 1623 1759 1670 ete.

129 1708 244 1773 attritur,
269 1717 349 1776 atque
363 1707 527 1777 completur,
546 1707 610 1776 qnia
630 1703 756 1760 nimirum
771 1702 852 1759 totins
874 1715 920 1756 no
973 1694 1094 1750 linimus
1107 1709 1187 1765 supra
1201 1695 1235 1753 de
1247 1697 1364 1754 fenestra
1381 1715 1462 1768 arce,
1474 1717 1534 1772 quae
1546 1711 1681 1759 transacto
1691 1704 1761 1760 dilu-

130 1809 194 1856 ,ιη
207 1800 378 1858 Μιῃωῑῃῑς
393 1803 420 1856 q„
435 1801 488 1857 ιω
502 1815 607 1856 mg„
622 1809 675 1864 ω,
691 1806 722 1854 ,η
740 1795 920 1854 munerantes
975 1786 1018 1840 vio
1030 1786 1158 1857 aperitur,
1175 1787 1246 1856 qnod
1260 1789 1302 1843 illa
1318 1791 1443 1861 designat
1453 1807 1550 1848 arcana
1565 1795 1757 1866 mysteriorum

129 1891 158 1946 in
170 1891 250 1947 dotno
263 1892 322 1962 ejtra
334 1892 421 1962 ipsum
433 1897 492 1948 sine
505 1892 558 1947 line
572 1891 721 1946 landenam.
936 1878 959 1938 ii
972 1882 1133 1948 caelestium,
1157 1884 1255 1952 quibua
1279 1885 1406 1956 baptizati
1428 1890 1581 1959 specialiter
1604 1891 1759 1960 initiantnr;

166 1981 348 2053 Reqaimitqrte
361 2000 422 2039 arca
440 1998 525 2038 meare
540 1983 657 2054 septimo,
677 1982 799 2052 ripariam
813 1977 922 2048 saptiam
971 1973 1018 2027 sed
1043 1972 1144 2029 eudem
1159 1973 1225 2044 ipsis
1246 1976 1421 2033 sacramentis
1441 1979 1548 2050 qnidam
1563 1979 1597 2037 ati
1619 1982 1760 2041 illecebras

131 2071 173 2126 die
183 2073 278 2128 merda
292 2089 368 2144 saper
382 2082 479 2128 moretm
489 2073 625 2126 Ameriae.
637 2071 713 2136 Quod
729 2083 791 2124 arca
806 2068 922 2137 septimo
971 2063 1073 2133 saculi,
1088 2066 1197 2137 quidam
1209 2081 1278 2124 vero
1290 2069 1324 2124 ad
1337 2084 1420 2140 opera
1435 2072 1541 2142 pietalis
1556 2083 1667 2130 utuntur
1676 2093 1684 2142 ;
1694 2087 1723 2132 et
1735 2078 1761 2132 lti

131 2179 226 2223 mente
250 2167 397 2234 requievit,
417 2165 450 2219 ad
464 2165 539 2219 illam
563 2161 704 2233 septimam
727 2159 861 2230 requiem,
885 2156 921 2213 de
971 2156 1081 2228 quidem
1095 2157 1479 2233 incurvo,illieaprimuntur
1494 2165 1669 2224 incolumia.
1684 2168 1762 2236 Qttotl

130 2270 182 2324 qua
195 2257 292 2325 saepius·
305 2257 406 2312 dictum
418 2266 460 2310 est
472 2252 632 2325 signideatio
644 2250 769 2316 recurrit,
780 2249 843 2319 quia
858 2262 921 2317 per·
973 2262 1038 2305 vero
1051 2251 1228 2322 quadraginta
1243 2267 1291 2325 per
1304 2255 1398 2312 decem
1418 2259 1605 2327 quaterducta
1621 2263 1763 2332 complen-

132 2346 196 2404 iecti
209 2348 319 2418 quique,
335 2358 362 2403 et
375 2347 420 2417 qui
437 2344 587 2403 constantia
600 2343 660 2399 fiam
680 2342 706 2397 in
722 2341 808 2397 Deum
822 2339 921 2410 cogitat·
974 2348 1026 2405 tur,
1042 2350 1132 2411 potest
1146 2343 1172 2396 iu
1195 2359 1309 2402 nttmero
1324 2356 1337 2385 ⁸
1352 2345 1457 2404 dierum
1477 2351 1689 2422 quadragenario
1709 2370 1762 2412 noa

134 2432 215 2488 tionis
238 2432 340 2488 ductat
362 2432 483 2504 quadrati
507 2443 579 2500 sunt,
603 2431 637 2485 ad
656 2430 776 2500 requiem
799 2428 921 2483 tendunt.
973 2429 1109 2486 immerito
1129 2431 1227 2489 divinae
1246 2433 1313 2505 logis
1334 2436 1466 2509 impletio,
1481 2455 1541 2512 que
1564 2456 1611 2512 pet·
1632 2445 1764 2515 evangelii

135 2524 209 2579 liene
223 2524 348 2580 vicesima
363 2525 476 2591 septima
490 2524 534 2579 die
546 2523 646 2581 utensis
658 2521 792 2594 einardum,
809 2523 854 2593 qui
869 2537 922 2577 nu-
972 2524 1088 2594 gratiam
1099 2527 1249 2598 perficitur,
1262 2528 1389 2587 intimari.
1402 2532 1457 2589 Lex
1466 2534 1538 2591 enim
1548 2534 1576 2590 in
1587 2535 1679 2594 decem
1692 2553 1764 2610 pre·

136 2631 226 2673 merus
249 2626 292 2675 eat
312 2618 388 2688 Juxta
412 2615 605 2673 arithmeticam
631 2617 763 2671 rationem
791 2611 923 2671 ternarius
974 2619 1062 2687 ceptis
1086 2619 1260 2675 continetur:
1288 2619 1426 2694 Evangelii
1452 2624 1573 2681 doctrina
1600 2628 1628 2683 ia
1650 2637 1764 2699 quatuor

133 2707 281 2777 quadratus
293 2707 407 2776 solidus,
420 2707 454 2763 ad
466 2707 587 2779 requiem
599 2720 660 2762 arca
676 2705 808 2776 pervenit.
822 2705 924 2760 Tema·
976 2708 1052 2765 libris
1066 2708 1200 2781 descripta
1211 2720 1264 2777 est,
1274 2720 1304 2769 et
1315 2722 1377 2784 apte
1388 2725 1448 2784 post
1458 2716 1563 2772 initium
1574 2718 1670 2774 decimi
1685 2735 1764 2777 mett·

133 2803 191 2857 rius
204 2815 321 2872 namque
336 2815 464 2857 numerus
477 2799 613 2857 devotioni
628 2810 728 2855 austrae
743 2797 840 2855 mentia
854 2812 922 2854 enn-
975 2799 1023 2867 sia,
1036 2810 1098 2870 post
1117 2802 1273 2870 apparentia
1289 2808 1419 2861 montium
1436 2809 1575 2864 cacumina
1589 2810 1763 2882 quadraginta

135 2893 207 2962 gruit
225 2903 334 2961 propter
351 2890 507 2946 memoriam
521 2905 573 2960 qua
589 2890 673 2946 ileum
689 2889 843 2957 recolimus,
862 2891 940 2958 pro-l
975 2887 1033 2944 dica
1046 2899 1195 2958 transeant,
1215 2893 1295 2948 etsie
1308 2894 1452 2951 fenestram
1473 2910 1549 2953 suam
1563 2900 1687 2970 aperiens
1706 2903 1764 2959 flue

136 2995 196 3052 pter
217 2981 421 3053 intelligentiam
434 2995 486 3051 qua
497 2981 693 3051 cognoscimus,
707 2987 816 3049 propter
826 2978 923 3034 volun·
976 2995 1052 3036 nove
1065 2981 1133 3038 locis
1151 2983 1178 3038 in
1193 2998 1283 3040 aream
1302 2988 1426 3054 patefecit
1440 2988 1586 3058 introitum,
1602 2993 1662 3062 qula
1683 2994 1767 3050 nimi·

135 3081 216 3128 tatem
230 3086 282 3142 qua
296 3071 442 3141 diligimus.
454 3070 506 3128 Sed
519 3071 577 3126 laec
586 3070 643 3140 ipsa
654 3069 759 3124 trinitas
773 3077 804 3124 ut
813 3069 847 3124 de
858 3069 911 3124 sim
979 3088 1040 3128 rom
1055 3074 1190 3143 patefacta
1205 3077 1328 3134 fidelibus
1341 3080 1395 3135 vita
1415 3080 1503 3138 futura
1518 3099 1597 3153 quam
1611 3091 1764 3157 percepturi

136 3163 200 3235 plici
214 3177 247 3217 ac
259 3171 331 3218 recta
347 3163 417 3219 littea
436 3162 471 3217 ad
485 3160 675 3232 quadraturam
692 3159 840 3230 perveniat,
854 3158 924 3214 mul·
977 3174 1049 3230 suut,
1060 3166 1192 3236 patefacta
1206 3168 1332 3238 superbia
1353 3184 1446 3226 eorum
1459 3172 1504 3242 qui
1524 3183 1600 3230 extra
1615 3174 1764 3233 Ecclesiam

136 3254 227 3323 tiplica
247 3255 295 3310 tria
318 3268 366 3322 per
379 3255 440 3321 tria,
466 3254 532 3309 liunt
554 3266 668 3316 novem3
692 3262 721 3308 ut
743 3266 808 3308 vero
829 3251 922 3307 eadem
938 3226 962 3289 C
980 3256 1059 3326 pinsiti
1073 3257 1107 3312 de
1121 3257 1252 3312 mundana
1267 3275 1297 3314 se
1309 3261 1393 3331 gloria
1404 3262 1518 3332 jactant,
1531 3267 1612 3322 otiam
1627 3267 1678 3322 froc
1691 3278 1759 3338 pate·

135 3349 298 3421 quadratura
312 3353 393 3406 etiam
407 3348 572 3404 altitudinem
583 3358 670 3402 sutttat
681 3362 712 3402 ac
721 3346 807 3403 solida
819 3346 921 3402 efficia·
977 3347 1041 3405 facit
1055 3348 1178 3405 fidelitas
1192 3351 1249 3405 suis
1260 3351 1393 3420 Christus,
1409 3357 1470 3422 quia
1485 3368 1619 3428 praecepta
1632 3359 1698 3430 legis
1711 3377 1764 3417 non

136 3454 191 3507 tur,
206 3444 271 3498 item
286 3441 434 3510 multiplica
454 3453 548 3494 notem
569 3453 617 3509 por
639 3438 699 3505 tria,
723 3446 802 3493 erunt
825 3435 921 3506 viginti
976 3439 1076 3496 viribua
1086 3438 1211 3496 humanae
1222 3440 1363 3509 libertatis,
1378 3444 1425 3500 scd
1440 3447 1603 3516 evangelice
1612 3451 1706 3519 gratim
1717 3467 1767 3521 per

135 3543 250 3603 septem.
263 3532 289 3587 id
303 3542 356 3599 est,
368 3544 507 3587 numerum
523 3530 668 3585 ternarium
682 3528 843 3600 quadratum
859 3526 925 3584 soli-
976 3531 1062 3598 ipsum
1075 3528 1191 3585 deleant
1203 3545 1314 3588 munere
1324 3533 1427 3602 perlici,
1440 3535 1484 3605 qui
1495 3550 1556 3592 cum
1567 3546 1595 3594 et
1605 3537 1673 3596 itanc
1683 3539 1765 3597 iidem

134 3623 200 3679 dum
211 3623 371 3692 complebis,
383 3622 410 3678 in
423 3635 478 3693 quo
487 3636 551 3677 area
565 3620 707 3692 requievit,
719 3622 783 3693 quia
794 3619 925 3677 Ecclesia
975 3629 1055 3689 atque
1069 3620 1245 3678 humilitatem
1259 3623 1394 3695 flagitandi
1410 3629 1436 3682 ln
1451 3628 1577 3685 omnibus
1588 3629 1671 3686 divini
1685 3636 1764 3687 auxi-

134 3730 193 3773 aue
211 3716 310 3771 menda
321 3724 404 3785 atque
414 3715 529 3771 aedoniis
548 3714 693 3771 stabilitate
706 3713 782 3785 quasi
803 3729 923 3785 conqua-
975 3709 1003 3765 tit
1019 3710 1196 3783 perceperint,
1220 3722 1283 3768 tone
1309 3714 1388 3769 etiam
1413 3717 1507 3772 altiora
1522 3732 1646 3788 supernae
1671 3721 1765 3790 patria

134 3809 211 3867 drata
226 3807 348 3880 requiem
362 3819 391 3864 et
409 3810 436 3864 ia
452 3807 502 3863 ltac
516 3807 569 3862 vita
582 3816 731 3876 exspectat,
747 3817 776 3864 et
793 3807 820 3862 in
835 3804 924 3863 futura
975 3802 1045 3859 dnna
1072 3817 1246 3875 cognoscere,
1269 3806 1347 3877 quasi
1369 3817 1463 3878 aperta
1478 3809 1583 3866 noviter
1606 3809 1722 3869 fenestra
1736 3815 1764 3871 ln

136 3899 252 3970 percipit
274 3907 414 3955 tetemam.
439 3897 582 3968 {lequievit
603 3905 693 3953 autem
717 3909 798 3968 super
819 3904 925 3952 montes
975 3911 1037 3952 arca
1053 3904 1203 3965 merentur,
1224 3897 1271 3953 sed
1293 3895 1443 3956 ‘eamdem
1461 3899 1593 3957 donorum
1614 3903 1764 3960 ccelestium

135 3990 287 4058 drnteniae,
313 3990 376 4059 qnia
399 3989 504 4046 calcato
527 3987 604 4059 apice
630 4002 734 4059 pompa
762 3986 923 4053 mundialis,
976 3986 1168 4058 cognitionem,
1190 3997 1223 4043 ut
1239 3987 1366 4054 diximus,
1390 3989 1434 4045 aiii
1456 3989 1490 4045 ad
1513 3991 1657 4060 perniciem
1676 4006 1764 4059 suam,

135 4085 217 4141 etiam
228 4085 255 4140 in
266 4084 316 4140 itae
326 4083 540 4156 peregrinatione
549 4082 632 4139 vitant
642 4082 755 4148 doeens,
768 4081 924 4140 caelestibus
975 4079 1021 4136 alii
1036 4076 1148 4136 utuntur
1167 4078 1202 4136 ad
1224 4080 1359 4148 salutem
1384 4081 1456 4139 unde
1474 4081 1543 4141 bene
1563 4082 1598 4140 de
1617 4086 1717 4142 emisso
1731 4102 1765 4143 ex

134 4172 240 4245 gaudiia
252 4173 343 4229 animo
355 4173 523 4244 propinquat.
975 4185 1037 4227 area
1050 4157 1133 4227 corvo
1146 4171 1326 4242 subiungitur.

170 4265 203 4318 Al
213 4279 270 4320 nero
281 4263 433 4332 aqwliaat
443 4273 468 4319 et
478 4263 654 4320 decrescebant
664 4264 787 4334 usquead
797 4263 924 4318 deciumm
1012 4262 1062 4329 Qui
1073 4262 1249 4334 egrediebatur
1263 4272 1288 4317 el
1306 4264 1486 4332 reoerledatur,
1506 4267 1587 4320 douae
1608 4266 1765 4323 siccarentur

135 4371 259 4411 nortem.
276 4355 366 4410 l'otest
388 4354 415 4411 in
430 4369 522 4411 meuse
543 4356 649 4411 decimo
675 4353 741 4409 illud
757 4364 863 4425 tenqus
876 4367 924 4408 ev·
975 4368 1050 4424 aque
1063 4368 1138 4424 super
1151 4361 1256 4410 imam.
1269 4354 1328 4410 lion
1350 4355 1386 4410 ait
1399 4370 1523 4426 egressus
1540 4367 1583 4414 est
1598 4368 1627 4413 et
1641 4374 1765 4418 reversus

137 4445 231 4514 primi,
256 4444 355 4512 quoad
368 4454 475 4502 aeterne
498 4445 564 4502 iuris
578 4446 673 4517 gaudia
685 4445 772 4501 sancti
787 4459 847 4501 cum
872 4444 924 4499 lio·
976 4456 1018 4500 eat
1030 4444 1057 4499 in
1071 4459 1179 4511 arcam;
1194 4447 1240 4500 scd
1254 4445 1441 4516 egrediebatur,
1460 4448 1559 4519 inquit,
1578 4458 1604 4504 el
1620 4453 1764 4506 reaertela·

136 4537 211 4593 aniam
224 4535 422 4606 ingrediuntur.
435 4537 502 4594 iiam
514 4548 541 4594 et
552 4539 610 4608 ipae
621 4538 648 4593 in
661 4537 804 4607 Evangelio
815 4537 922 4593 nomine
977 4543 1018 4589 tar
1030 4534 1110 4589 donea
1120 4536 1276 4589 siccarentur
1287 4551 1360 4605 aquae
1373 4544 1387 4585 t
1401 4552 1479 4607 super
1492 4547 1596 4604 tetram,
1611 4539 1674 4610 quia
1690 4540 1767 4595 vide-

135 4627 252 4694 denarii,
271 4626 574 4694 quicultoriltusviueae
587 4628 709 4694 daretur,
723 4628 922 4699 perceptionem
977 4625 1040 4682 licet
1061 4626 1114 4682 ltoe
1135 4626 1251 4696 illucque
1274 4628 1362 4683 volatu
1386 4628 1468 4685 dubio
1493 4631 1658 4697 vertebatur,
1683 4632 1766 4688 modo

134 4718 256 4791 eiusdem
283 4719 358 4791 regni
378 4719 497 4777 caelestia
521 4722 648 4779 insinuat.
671 4721 803 4779 banaeim
825 4725 924 4793 quippe
975 4721 1050 4776 autre
1067 4719 1206 4790 iucipiens,
1222 4719 1302 4775 alodo
1316 4720 1452 4776 adamam
1467 4723 1539 4778 velut
1556 4723 1703 4779 intraturus
1718 4738 1764 4780 re·

139 4810 234 4869 deceat
248 4810 343 4867 obolos
367 4811 457 4867 habet.
478 4813 549 4870 Eunt
561 4827 627 4884 ergo
650 4826 737 4884 aqum,
761 4828 821 4884 quaa
833 4827 923 4868 arcam
976 4808 1065 4874 dieas,
1078 4805 1156 4864 naeh
1176 4816 1265 4864 tamen
1280 4809 1424 4865 fenestram
1440 4811 1510 4867 unde
1533 4827 1658 4882 egressus
1677 4812 1765 4868 fuerat

137 4902 283 4971 diluerant,
293 4902 489 4960 etdeeteactmt
499 4919 583 4975 traque
593 4903 626 4960 ad
641 4904 775 4962 decimum
789 4918 921 4968 mensem,
976 4911 1111 4971 repetens,
1126 4900 1173 4957 aed
1186 4902 1275 4971 potius
1287 4902 1351 4958 foris
1365 4917 1464 4974 vagans
1476 4906 1634 4974 usquedum
1651 4908 1764 4963 remotis

134 4996 197 5068 quia
211 4997 347 5052 lavacrum
358 4995 536 5065 tapttsmatis,
551 4995 598 5052 ulti
608 4998 634 5050 in
649 4994 762 5067 singulis
774 4994 923 5067 quibtasqne
977 4995 1053 5065 aquis
1067 4996 1188 5066 requiem
1203 4995 1255 5051 sibi
1268 5009 1299 5051 ac
1313 4996 1405 5053 sedem
1420 5007 1496 5052 extra
1510 5010 1600 5053 arcam
1614 4999 1744 5068 reperiret
1756 5017 1765 5067 ;

138 5086 257 5144 fidelium
269 5099 347 5142 suum
360 5101 458 5142 monus
471 5085 630 5156 impleverit,
642 5086 841 5157 cessandoque
852 5085 922 5142 entim
976 5086 1054 5155 ouius
1075 5086 1194 5156 egressui
1217 5096 1297 5156 atque
1322 5087 1410 5144 itineri
1432 5100 1506 5146 recte
1529 5100 1719 5161 comparantur
1738 5092 1766 5147 ltl

137 5177 328 5249 quisquamst
354 5177 515 5248 penetrarit,
530 5184 619 5247 potest
635 5177 829 5233 derruoeudem
854 5177 924 5231 sarri
976 5178 1022 5246 qni
1044 5179 1221 5234 sacramentis
1242 5180 1350 5250 quidem
1372 5183 1528 5239 caelestibus
1549 5185 1766 5257 instituti-atque

139 5269 307 5340 baptismatis
321 5267 396 5326 fonte
408 5268 550 5327 mundari:
561 5267 608 5324 sed
622 5281 670 5323 eos
681 5266 738 5337 jam
752 5267 836 5323 aentel
851 5267 924 5322 ablu·
978 5267 1069 5322 iattluti
1085 5276 1158 5334 sunl,
1173 5283 1223 5324 nec
1240 5266 1249 5308 ¹
1268 5277 1356 5327 lamen
1371 5272 1538 5344 nigredinem
1559 5281 1674 5329 terrena
1688 5274 1766 5332 uite-

171 5415 251 5484 ¹tf.,
266 5427 439 5488 peruenerant,
976 5422 1131 5479 Ciceronem
1147 5422 1194 5479 tit.
1210 5423 1350 5480 Academ..
1366 5425 1398 5481 Et
1409 5443 1466 5496 quoe
1476 5444 1493 5483 a
1505 5428 1679 5499 superirrisus
1691 5447 1767 5486 acee-

168 5483 251 5553 iAf„
265 5488 390 5544 laudatio.
977 5499 1077 5564 want,
1094 5492 1247 5558 utebantur:
1262 5503 1290 5549 et
1304 5496 1371 5564 apud
1389 5497 1554 5555 Varronem:
1572 5496 1643 5555 Utile
1660 5509 1768 5556 utamur

171 5565 184 5596 i
198 5557 253 5625 dl„
266 5559 402 5613 coaelttait.
977 5564 1062 5632 petias
1074 5579 1150 5633 quam
1164 5564 1196 5617 ad
1209 5579 1237 5618 ra
1251 5564 1397 5622 adulemur.

170 5624 253 5692 ddi,
266 5630 306 5682 vel
319 5637 347 5680 ιιι
359 5628 480 5699 quadrati
493 5628 527 5683 ad
542 5626 654 5699 requiam
665 5628 784 5683 tendunt.
1016 5641 1029 5680 t
1044 5632 1086 5686 lt.
1101 5632 1178 5688 deest
1189 5650 1266 5704 super
1280 5643 1384 5690 terram.
1418 5658 1422 5665 ·

171 5704 185 5733 ³
198 5696 254 5760 di,
265 5696 436 5769 quodraginta
447 5700 556 5753 dierum.
1014 5700 1028 5739 ¹
1044 5701 1097 5768 Al..
1112 5710 1181 5757 lunc.

171 5761 182 5801 i
204 5765 260 5828 fl,
282 5767 374 5820 eadam
378 5805 433 5822 .....
459 5770 610 5840 capnitione.
627 5767 681 5824 Sed
704 5783 758 5825 nnn
780 5782 842 5825 raro
862 5779 922 5821 cunt
1018 5770 1025 5807 ¹
1043 5771 1095 5836 dl,
1109 5780 1177 5825 tuac.

136 5837 288 5890 accusnivo
302 5839 382 5892 etiam
397 5839 561 5895 construitur
583 5839 694 5895 verbnm
718 5849 788 5909 attor,
805 5849 835 5894 ιιι
850 5837 921 5906 apud
