3794 6120
210 233 279 288 titt

457 230 559 286 ιιι-ιιι
582 212 805 285 reuersurus
823 222 966 285 uranon
988 195 1076 278 rins
1094 221 1124 279 ιι
1145 249 1183 265 -
1201 218 1395 279 cranenco
1415 219 1581 279 canutus.

212 344 394 416 intelligendis
408 342 551 396 litrrnioine
561 341 752 396 incarnationis
766 339 903 411 mysteriis
915 337 999 404 inape·
1012 333 1037 393 Α
1052 331 1194 395 ministrat,
1208 342 1236 386 et
1249 340 1341 402 aptum
1356 331 1398 386 bia
1410 348 1471 402 qtae
1492 341 1626 388 ιιιιιιιιιιιι
1654 333 1799 404 mysteriis
1810 335 1848 388 lo·

211 436 345 496 diebatnr,
370 432 488 486 Ecclesia
516 445 578 486 tuton
596 430 762 486 consolando
781 439 810 486 et
832 428 1002 485 exhortando

210 525 377 588 respondet:

247 614 395 678 lleoertere,
410 621 542 676 recalere,
570 612 725 677 Sunamita's,
744 621 797 667 cto.
812 610 956 665 Reuertere
967 608 1001 663 ad

211 705 375 773 a‘grritioncnt
404 705 440 758 tui
470 705 698 770 licdemptoris,a
724 719 778 772 quo
793 713 867 758 tantu
882 712 1003 772 temporo

213 811 308 850 auersa
319 796 510 851 miserabiliter
523 795 644 859 errabas.
671 806 700 850 ιιι
722 811 780 865 epus
795 796 897 866 imbuta
910 809 1001 848 sacra-

216 889 324 954 mentis,
333 889 454 959 ingressu
467 888 528 943 vitm
540 887 657 943 coelestis
668 887 748 958 digna
760 885 884 942 eillciaris
893 904 901 952 ;
910 901 1003 940 rerer·

217 978 321 1031 terenti
346 993 439 1045 pacem
462 991 561 1031 rrrtstrae
583 978 779 1047 germanitatis,
802 993 882 1047 quam
905 977 1004 1032 diutius

214 1086 294 1127 causa
309 1073 426 1127 dissone
450 1072 589 1143 roligionis
605 1073 782 1141 spernendam
798 1087 858 1126 esse
875 1072 1002 1125 ducebas.

214 1161 360 1228 Revertens,
373 1141 509 1226 sermome,
524 1173 550 1215 ιιι
575 1164 721 1216 intueamur
736 1173 784 1217 te:
807 1171 942 1217 rerertcre
955 1175 1004 1230 pu·

213 1257 294 1306 ritate
307 1251 380 1317 lidei,
398 1263 655 1321 revertereoperum
672 1252 845 1322 perfectione,
862 1252 894 1306 ad
913 1251 1004 1306 Durni-

212 1346 297 1396 nicant
311 1343 388 1396 simul
404 1342 589 1408 dilectionem,
607 1354 634 1396 ut
655 1344 741 1396 oculis
764 1344 914 1413 animisque
937 1355 1002 1409 gau·

1052 438 1115 477 cum
1132 423 1232 490 praebet
1245 439 1253 476 t
1267 425 1328 490 quia
1341 424 1415 477 enirn
1430 423 1503 478 illam
1528 441 1582 478 non
1599 425 1626 478 in
1652 426 1712 479 otio
1729 429 1848 485 residere

1052 528 1154 569 securae
1168 514 1275 582 quietis,
1290 513 1336 570 sed
1352 514 1384 567 ad
1396 526 1531 569 certamen
1558 515 1692 569 cernebat
1716 517 1847 583 pradica-

1055 605 1134 659 tionia
1161 605 1306 673 procedere
1331 604 1431 671 solere,
1456 605 1552 660 merito
1567 607 1686 675 primum
1702 622 1842 676 gressuum

1053 697 1112 762 ejrrs
1127 695 1353 764 pulchritudinem
1367 693 1526 759 ntiratur,id
1536 706 1578 750 est
1591 710 1707 765 eperunt
1723 710 1845 753 constan·

1054 791 1129 850 tiam,
1144 803 1191 856 per
1203 803 1282 856 quarn
1297 788 1420 856 enerrtpla
1434 788 1561 840 virtutum
1577 788 1620 841 bia
1631 803 1703 858 quos
1718 790 1843 857 erudiret,

1055 881 1162 934 sitiebat
1177 889 1395 945 praetttottslrare.
1407 879 1445 934 be
1458 879 1555 949 quibus
1566 879 1698 934 nimirum
1712 883 1845 950 gressibus

1055 972 1194 1026 i‘snlntista
1210 981 1333 1040 precatur
1358 972 1510 1036 bantinum,
1533 972 1627 1026 dicens
1641 990 1648 1026 z
1663 970 1770 1042 Perfice
1781 990 1845 1044 grea-

1053 1080 1096 1116 sna
1115 1080 1182 1117 soreos
1205 1065 1232 1116 in
1246 1064 1341 1117 sensitis
1355 1065 1405 1116 tatia
1429 1061 1516 1133 (Psoi.
1533 1063 1601 1134 ast),
1627 1064 1655 1119 id
1683 1072 1740 1132 esi,
1767 1066 1846 1138 dirigo

1054 1167 1128 1206 actara
1142 1167 1218 1207 triens
1233 1155 1260 1208 in
1274 1165 1389 1222 angusto
1403 1154 1508 1219 itinere,
1537 1170 1593 1223 quo
1620 1158 1796 1223 perveniente
1815 1159 1844 1214 ad

1055 1245 1145 1303 ritum.
1163 1244 1193 1297 ili
1206 1253 1296 1297 autern
1311 1260 1420 1312 gressus
1433 1254 1496 1299 sunt
1514 1247 1540 1300 in
1563 1247 1772 1315 calceamentis,
1791 1266 1847 1306 enm

1057 1336 1137 1390 iidem
1151 1347 1228 1389 aetus
1244 1336 1330 1390 nostri
1341 1337 1488 1404 justorum,
1512 1338 1558 1406 nui
1571 1354 1622 1393 nos
1637 1341 1670 1393 ad
1684 1340 1770 1394 bourn
1786 1357 1847 1410 pra·

212 1433 348 1497 «tenuibus,
364 1434 482 1500 speciem
500 1444 552 1485 tuae
576 1435 719 1495 castitatis,
745 1447 823 1499 narare
839 1432 884 1485 diu
899 1430 1004 1485 deide—
1054 1442 1171 1492 rcssere,
1186 1427 1498 1507 rtrurriontnreaemplis.
1512 1429 1676 1486 calceamur
1690 1449 1847 1503 narnqnees

213 1525 353 1586 rabarnus,
365 1523 590 1591 cotitempleruur,
600 1534 627 1578 et
637 1524 779 1592 copulante
790 1524 822 1576 ad
834 1523 945 1576 invicem
955 1536 1004 1576 nos
1054 1526 1222 1572 misticorum
1233 1520 1346 1587 pellibus
1360 1521 1527 1587 aninraliutn,
1543 1536 1605 1576 eum
1621 1539 1706 1590 opera
1728 1527 1845 1594 institia,

212 1617 310 1671 illinisti
335 1631 439 1679 artiore,
463 1630 543 1670 ranam
572 1615 681 1669 dormnn
703 1614 778 1682 ildei,
793 1614 878 1669 ambe
891 1615 918 1668 in
935 1615 1002 1682 ipso,
1055 1613 1153 1678 ortibus
1166 1613 1270 1676 priores
1297 1621 1406 1666 sanictos
1431 1614 1537 1668 indutos
1549 1630 1612 1670 esse
1628 1616 1756 1686 legimns,
1770 1621 1846 1674 etiam

214 1710 289 1763 relttt
304 1710 330 1762 in
341 1710 464 1778 ungulari
480 1709 569 1779 lapide
579 1716 780 1764 construamur.
800 1708 901 1763 Nomen
913 1715 1002 1760 autem
1021 1703 1041 1761 tt
1057 1719 1105 1757 nos
1121 1703 1218 1757 inritati
1232 1704 1414 1759 conlidentius
1426 1719 1458 1759 ac
1470 1707 1595 1762 nibridius
1607 1709 1678 1762 riam
1692 1710 1800 1765 virtutis
1810 1713 1848 1765 in·

213 1799 362 1854 Srrtramiris
375 1813 504 1866 nusqrram
518 1813 561 1853 me
574 1800 640 1852 alias
658 1797 755 1866 legisse
771 1795 895 1859 rrtcmini;
907 1806 934 1849 et
947 1795 1004 1864 qui·
1054 1794 1203 1864 gredimur.
1225 1794 1262 1851 lie
1278 1797 1375 1864 quibus
1387 1797 1581 1852 calceamentis
1608 1800 1673 1854 dicit
1693 1802 1846 1867 Apostolus,

212 1892 273 1943 dem
288 1890 467 1945 videturesse
482 1887 1005 1957 vocabulumalicujttsleminarutuuo-
1056 1885 1089 1939 Et
1104 1887 1298 1956 rulcentipedea
1320 1887 1348 1939 in
1373 1888 1590 1958 preparationem
1616 1889 1753 1963 decapolis·
1780 1895 1848 1960 paris

214 1983 318 2047 initiunt,
334 1984 393 2037 siue
409 1984 558 2051 proprium,
584 1982 671 2036 eirea
689 1981 749 2034 loco
768 1979 929 2042 derivatum,
945 1991 1006 2044 quas
1057 1976 1167 2049 (Epiros.
1185 1978 1233 2046 ur).
1248 1977 1405 2048 Quicunque
1417 1981 1488 2033 enirn
1504 1993 1595 2046 pacem
1607 1983 1774 2052 erangcliaat
1786 1985 1847 2040 aliis

216 2075 330 2144 piurima
359 2076 510 2143 sapientiae,
537 2073 581 2128 rel
605 2072 715 2142 speciei,
732 2072 775 2125 rel
791 2071 896 2124 virtutis
909 2070 1004 2138 gloria,
1057 2069 1190 2134 ueritatis,
1208 2069 1281 2137 prius
1296 2078 1457 2123 necesseest
1473 2069 1641 2140 ipscgressns
1653 2088 1845 2140 opemmsuo-

215 2175 337 2234 temporo
362 2166 406 2220 iilo
419 2163 499 2220 suern
513 2165 634 2234 insignis.
650 2163 697 2218 Sin
713 2177 778 2217 aero
803 2161 962 2221 Sunamitis.
978 2168 1007 2214 ut
1058 2175 1129 2224 ιιιιιι,
1144 2168 1171 2215 et
1185 2160 1316 2228 exemplis
1328 2161 1535 2230 praecedentium
1547 2171 1647 2229 patntm
1660 2172 1741 2219 ornet
1751 2179 1783 2220 ac
1796 2180 1844 2219 oo-

214 2258 322 2327 nuiriam
337 2256 488 2326 perbibent,
502 2255 697 2325 despectatione
715 2255 818 2322 captiua
843 2252 1006 2320 interpreta-
1058 2252 1146 2316 beret,
1164 2266 1199 2307 ne
1213 2251 1340 2307 videlicet
1362 2252 1443 2306 aliam
1458 2253 1605 2324 quemlibet
1621 2255 1728 2310 risendi
1741 2257 1783 2312 rel
1796 2259 1847 2312 do·

217 2362 270 2416 tur,
284 2348 406 2419 oorrgruit
420 2346 472 2403 ltine
487 2362 584 2402 atomon
599 2347 762 2417 synagogae,
779 2358 841 2400 eum
855 2344 891 2398 ob
902 2344 1007 2412 cuipam
1058 2344 1135 2397 eerrdi
1153 2345 1233 2410 riam,
1247 2345 1298 2399 nial
1313 2359 1372 2400 eam
1387 2360 1448 2414 quaa
1468 2360 1484 2399 a
1500 2346 1631 2416 patribus,
1653 2348 1709 2402 irato
1731 2349 1766 2403 ab
1789 2350 1849 2418 ipso

219 2443 363 2511 perlldiaea
380 2442 464 2511 gratia
478 2441 520 2494 sui
536 2439 648 2495 recessit
665 2438 792 2501 auctoris,
805 2450 866 2506 que
879 2442 1008 2505 quantum
1060 2437 1173 2492 bomine
1188 2438 1250 2492 trita
1266 2446 1318 2505 est,
1333 2438 1389 2493 suis
1402 2441 1565 2509 sequacibus
1590 2450 1736 2508 monstret,
1747 2457 1849 2500 memor

216 2536 320 2602 captiua
350 2532 399 2586 luit
424 2530 490 2600 jugo
514 2531 627 2598 peccati,
653 2538 755 2583 tantum
771 2527 1009 2596 respecrudirine
1059 2529 1283 2595 iliinaapostolici
1300 2528 1601 2600 praesumtionem
1621 2534 1845 2607 meieatote,irs·

216 2624 324 2691 pietatis
335 2623 510 2691 permanebat
523 2619 642 2690 indigna.
663 2618 716 2673 Sed
737 2618 885 2686 postulatur
910 2614 1010 2670 retenti
1060 2631 1121 2686 tres,
1136 2622 1234 2676 aientes
1246 2637 1293 2694 ego
1307 2620 1403 2678 correo
1416 2621 1444 2694 (ι
1457 2624 1517 2680 Cor.
1528 2625 1847 2696 saepememoratus,

219 2715 383 2778 sunamitis,
398 2721 429 2767 ut
451 2727 500 2781 per
513 2713 671 2780 obsequium
687 2710 851 2766 reversionis
871 2708 904 2763 ad
920 2709 1009 2763 bono·
1060 2711 1178 2765 attilium
1193 2713 1320 2767 virtutum
1334 2713 1527 2770 sublimitatem
1537 2716 1709 2773 acdecorem
1723 2721 1847 2786 asemon

220 2822 283 2861 num
299 2815 436 2860 mereatur
449 2803 557 2859 vinculo
572 2802 659 2858 nursiae
680 2802 845 2871 captiuitatis
856 2799 971 2863 absolui,
983 2805 1012 2855 et
1060 2803 1137 2872 crrjos
1164 2804 1294 2874 propbeta
1320 2814 1348 2861 et
1375 2807 1515 2875 apostolus
1529 2810 1695 2879 meminere,
1711 2811 1847 2868 dioentw

219 2897 261 2952 sui
285 2894 475 2965 redemptoris
499 2908 531 2948 ao
551 2892 699 2949 saltaturis
717 2892 796 2962 digna
822 2889 1012 2960 conspectibus
1063 2897 1146 2962 Quam
1170 2898 1279 2966 speciosi
1303 2914 1381 2968 snper
1398 2909 1507 2967 monta,
1531 2902 1610 2972 pedes
1625 2904 1848 2973 enareqetiacnriaaa

218 2989 484 3045 reddilldruonents
494 2994 585 3042 autem
596 2985 718 3042 Ecclesia
727 2983 897 3054 synagogam
912 2979 1012 3037 reverti
1062 3003 1161 3057 nocent,
1176 2988 1406 3058 euangeiisontiam
1417 2990 1483 3045 iona
1495 2991 1587 3063 (iloni.
1601 2990 1647 3063 all
1662 2991 1757 3047 Filiam
1767 3003 1847 3048 asten

220 3081 375 3149 engratiam
388 3082 430 3135 sui
444 3079 835 3150 Redemptoris,annuensipse
846 3065 1046 3144 liedemptorC
1063 3080 1191 3149 principis
1203 3095 1263 3134 eam
1276 3091 1365 3148 vocat,
1380 3082 1452 3137 illius
1470 3083 1567 3153 utique
1587 3084 1624 3138 de
1649 3100 1705 3155 qua
1728 3085 1847 3154 ιιιίιιιιιιι

220 3173 323 3227 deuotis
337 3173 408 3226 illius
433 3171 619 3236 hortamentis,
639 3185 717 3226 suum
731 3179 842 3239 repente
856 3182 1007 3223 aertuonom

219 3264 393 3327 intermiscet,
409 3273 489 3332 atque
503 3262 701 3318 exhortationis
722 3260 795 3315 illins
818 3260 913 3315 solatia
927 3258 959 3311 ad
970 3256 1010 3313 el·

220 3354 331 3421 lectum,
342 3356 397 3423 jam
411 3363 571 3423 perventura
590 3368 651 3409 esse
667 3361 842 3421 protestatur.
859 3352 904 3407 ιιι
915 3353 1007 3408 enirn:

516 3454 628 3509 curba
648 3453 702 3508 vlt.

255 3531 353 3586 xxix.
367 3532 437 3597 Quid
451 3533 548 3587 uidebis
557 3535 584 3586 in
598 3532 743 3599 sunamite,
755 3533 827 3587 etei
837 3535 874 3587 lic
885 3532 907 3588 si
919 3540 1010 3602 apetie

221 3623 303 3688 dicat,
320 3624 399 3677 linies
415 3624 524 3693 quidem
536 3625 703 3694 synagogam
720 3624 819 3679 diutius
838 3623 922 3678 inisse
935 3639 1009 3678 ater·

221 3727 289 3777 error,
305 3727 420 3782 eamque
435 3714 467 3767 ad
482 3728 525 3769 me
553 3713 650 3768 reverti
675 3714 804 3783 precaris,
829 3723 857 3769 et
875 3724 902 3769 te
916 3712 1010 3768 iaciens

221 3803 279 3871 eiras
294 3804 358 3858 mibi
372 3816 495 3859 ornatam
508 3806 606 3863 intueri
617 3807 744 3861 delectat.
753 3804 853 3860 Verum
866 3807 937 3860 scias
948 3807 1010 3874 quia

220 3892 249 3946 in
264 3896 386 3962 pristimo
398 3905 441 3950 est
452 3897 594 3966 tempusin
608 3913 662 3967 quo
682 3898 718 3952 nil
736 3899 762 3951 in
785 3897 829 3951 iila
845 3899 940 3964 priscae
952 3897 1012 3950 inii·

1060 3178 1104 3225 est
1115 3168 1221 3227 :Orestis
1231 3170 1315 3239 glorio
1325 3173 1393 3242 ejas,
1400 3171 1464 3241 filice
1471 3174 1541 3243 regis
1552 3175 1584 3228 ab
1593 3175 1846 3243 intremuistis).

1061 3261 1110 3325 Qui
1127 3261 1197 3314 irrter
1212 3260 1264 3315 alia
1278 3262 1427 3317 celestium
1448 3262 1584 3320 donorum
1612 3269 1758 3336 promissa,
1772 3269 1848 3338 lonsi-

1063 3361 1104 3404 tur
1118 3352 1143 3406 ei
1168 3354 1226 3420 ipse
1252 3368 1300 3421 per
1325 3356 1482 3426 propnetam
1496 3374 1504 3412 a
1519 3354 1629 3413 Potrersr
1644 3361 1748 3415 sueabb
1768 3370 1846 3427 rae,st

1062 3452 1119 3515 post
1131 3459 1172 3497 me
1185 3444 1349 3517 ingrediare
1362 3449 1470 3503 cerealia
1487 3445 1597 3521 (inem.
1614 3452 1845 3522 trib-Notandum

1063 3544 1153 3588 autem
1167 3536 1228 3603 qnia
1251 3536 1346 3590 beatus
1363 3537 1543 3610 nteronymus
1571 3542 1714 3599 liebraicae
1731 3544 1844 3600 masdra

1063 3624 1196 3693 veritatis,
1208 3638 1301 3681 eontra
1316 3627 1486 3684 latinianum
1502 3633 1631 3690 scribens
1640 3635 1676 3690 de
1690 3634 1746 3691 lilia
1760 3636 1846 3706 prinoi-

1064 3718 1116 3785 pis,
1134 3716 1185 3771 boc
1200 3718 1227 3772 in
1241 3719 1300 3773 loco
1314 3721 1393 3775 liliam
1406 3723 1496 3790 posuit
1510 3725 1676 3793 liminadala,
1692 3727 1775 3784 ιιιιιοι
1787 3729 1844 3783 lare

1065 3808 1229 3863 versiculum
1243 3808 1270 3865 in
1284 3811 1385 3879 virgine
1400 3813 1456 3867 beo
1468 3814 1569 3881 dican,
1583 3818 1700 3889 intelligi
1716 3822 1791 3890 prose
1802 3819 1842 3874 de·

1064 3899 1185 3963 claravit,
1201 3899 1294 3955 dicens
1313 3919 1319 3954 :
1336 3920 1345 3954 r
1365 3902 1481 3970 speciosi
1504 3907 1569 3976 {uoti
1581 3921 1644 3964 snat
1665 3927 1767 3979 premas
1779 3913 1810 3964 tri
1820 3911 1841 3963 ia

222 3983 340 4038 delitatis
352 3996 430 4053 atque
440 3986 599 4051 aversionis,
617 3987 665 4041 sed
681 3987 738 4041 sola
762 3987 888 4040 uirtutum
903 3999 934 4041 ac
954 3987 1012 4056 spi·
1064 3989 1253 4053 saluamento,
1265 3993 1321 4059 pilio
1333 3994 1497 4049 Aminurlnlr!
1511 3998 1584 4065 quod
1599 3999 1842 4072 interpretatam·

223 4073 359 4127 ritualium
381 4087 496 4143 agonum
521 4089 604 4145 opera
625 4089 729 4131 cernas.
743 4076 813 4142 Qaid
827 4091 889 4147 ergo
904 4076 1010 4141 ridebis,
1064 4081 1120 4149 puli
1130 4089 1221 4149 sponte
1235 4097 1262 4134 as
1275 4080 1417 4150 offerentis.
1444 4085 1591 4155 Virginitas
1613 4092 1690 4147 enim
1714 4092 1841 4149 noluntaria

221 4163 316 4229 innuit,
331 4164 358 4216 irs
380 4164 526 4230 sonamite,
551 4167 601 4220 nisi
616 4165 707 4221 odoros
722 4177 874 4236 rostrorum,
891 4167 943 4224 boe
957 4178 1009 4236 est,
1064 4178 1122 4236 est;
1138 4182 1168 4227 et
1180 4172 1241 4227 ideo
1253 4187 1361 4243 gressus
1377 4175 1507 4232 Ecclesia
1519 4179 1545 4233 in
1559 4184 1700 4238 castitatis
1714 4185 1842 4254 pulcltritu·

222 4254 344 4307 militiam
359 4253 452 4323 pacis?
478 4256 506 4311 ιιι
528 4256 619 4312 eboris
646 4260 743 4313 etenim
763 4274 844 4314 noces
856 4260 1010 4315 canentium
1063 4262 1127 4316 diue
1141 4263 1336 4317 collaudantur.
1351 4265 1448 4335 slirtde
1458 4279 1565 4323 constat
1581 4274 1700 4329 muitum
1715 4288 1842 4330 urareeos

223 4355 387 4407 consentiant:
405 4348 549 4413 incastris,
579 4358 728 4404 auratorum
754 4365 850 4406 manus
869 4351 1008 4406 dimicant.
1063 4354 1108 4422 qui
1120 4370 1201 4421 supra
1217 4357 1528 4426 quadrigentesimum,
1540 4371 1785 4432 supereaercituta
1794 4383 1842 4436 pot·

223 4434 292 4498 erid
305 4450 369 4505 ergo
384 4436 489 4492 ridebis
503 4438 529 4493 in
540 4452 583 4504 ea,
607 4438 658 4494 nisi
674 4440 773 4494 cboros
787 4440 948 4505 electorum,
962 4441 1006 4510 qui
1023 4438 1229 4516 Dsequentium
1253 4448 1414 4516 Ecclesiam,
1425 4453 1468 4506 rei
1484 4452 1693 4514 irrtnrundorum
1706 4462 1842 4530 spritum,

223 4524 306 4577 corde
320 4533 348 4578 et
358 4528 446 4580 anima
462 4542 512 4581 una
527 4528 618 4583 laudes
636 4531 754 4585 aucturis
781 4530 821 4585 sui
843 4529 1010 4599 praedicenti
1064 4536 1107 4591 rel
1132 4537 1269 4592 bominum
1285 4539 1501 4610 interpretantur
1522 4548 1670 4618 malornm,
1685 4566 1745 4605 cum
1759 4549 1842 4620 iiuuuie

225 4611 259 4664 b't
274 4611 356 4667 iidem
371 4626 435 4670 sunt
448 4617 523 4673 ebori
534 4629 696 4686 metrorum,
707 4619 768 4691 quia
778 4623 920 4678 serviendo
930 4622 1011 4678 Crea-
1064 4636 1155 4696 pateat
1167 4627 1201 4682 de
1214 4629 1273 4698 ipso
1287 4633 1437 4702 principum
1463 4637 1586 4708 principe
1598 4654 1630 4694 ac
1645 4644 1683 4697 de
1704 4646 1785 4699 elato
1795 4648 1843 4711 eina

225 4703 276 4755 tori
303 4703 376 4758 acies
404 4707 537 4773 repellunt
563 4724 668 4779 omnes,
687 4725 720 4766 ae
733 4712 883 4768 disturbant
898 4712 1009 4770 inimici.
1064 4720 1274 4788 populodebere
1286 4726 1372 4794 magia
1387 4727 1507 4796 intelligi.

221 4791 285 4846 llaec
299 4795 349 4861 ait,
364 4803 391 4849 ot
413 4796 447 4850 ad
468 4797 626 4855 laudandam
649 4802 1009 4870 inemendatamque
1100 4811 1184 4868 xllx.
1213 4812 1342 4870 dunctano
1365 4819 1487 4889 [stainans
1516 4831 1623 4878 tessara
1646 4825 1713 4880 sicat
1737 4828 1841 4890 nmilia.

225 4886 375 4950 prosatore
390 4885 537 4959 Spuagugae
549 4892 692 4948 sollicitam
703 4895 919 4964 essegaudeban
931 4895 1010 4951 solita
1064 4915 1117 4959 ete.
1138 4904 1214 4960 Solet
1234 4907 1371 4977 Scriptura
1387 4911 1413 4963 in
1440 4909 1589 4968 femoribus
1603 4919 1798 4974 sreemtmen
1810 4918 1842 4971 si·

223 4989 254 5033 ae
269 4975 410 5032 dulcedine
424 4983 568 5049 costsertit,
582 4985 618 5039 ita
633 4986 776 5056 ouirjieiena
792 5007 799 5042 ε
1064 4996 1193 5063 gnilieare
1207 4998 1371 5068 propaginis.
1386 5003 1431 5056 etr
1449 5004 1541 5058 enim:
1556 5005 1667 5062 Cramer
1691 5011 1782 5064 anirrtae
1797 5023 1843 5077 aas

258 5063 342 5128 Quota
366 5067 469 5137 poledri
491 5079 551 5126 sunt
573 5076 735 5143 praemori,
751 5078 821 5132 etei
837 5078 1010 5134 Bensautetn
1065 5086 1254 5155 ingrossescunt
1272 5089 1419 5146 eamdaeolr
1433 5093 1460 5147 in
1476 5094 1637 5167 AEpgptattt,
1653 5110 1680 5156 et
1702 5102 1842 5172 terma

221 5152 366 5212 laudationi
380 5160 626 5232 itliusagreasibus
637 5165 865 5233 lecitetordium,
878 5181 904 5224 et
916 5170 943 5225 in
955 5173 1012 5226 oris
1066 5177 1246 5247 geometricas
1264 5183 1360 5251 nimae
1381 5187 1502 5241 nuribus
1531 5190 1649 5255 tilloraast
1675 5194 1743 5265 ejas,
1765 5195 1841 5248 anias

220 5253 331 5320 gratiana
346 5257 487 5312 conclusit.
512 5255 552 5312 lta
577 5274 692 5330 natoque
706 5263 814 5318 linivit:
831 5263 864 5318 bt
879 5265 945 5319 odor
958 5267 1012 5320 ors's
1066 5271 1338 5343 nongintossathn.
1348 5275 1517 5346 retributo
1528 5281 1556 5334 itt
1568 5279 1721 5341 sensisibus
1734 5286 1840 5341 m

221 5340 347 5414 tai,sa'rut
371 5346 516 5413 malonm3
537 5357 625 5420 gattsr
638 5361 719 5418 ιιιιιιιι,
743 5356 817 5423 qnasi
830 5355 918 5409 ιιιιιιιιι
941 5356 1010 5424 opti·
1069 5370 1143 5416 reete
1168 5378 1287 5435 propago
1301 5367 1362 5435 cista
1382 5370 1520 5438 gotteratiu
1548 5375 1712 5443 spiritualis,
1740 5386 1839 5448 (ιαμ

220 5446 301 5486 musa.
312 5434 399 5501 Quota
410 5450 492 5507 supra
520 5440 555 5495 ab
579 5441 665 5497 oeulis
686 5444 827 5514 incipiens,
843 5447 1011 5516 superiorum
1066 5453 1224 5519 rtrysterinm
1243 5456 1316 5511 uerbi
1331 5466 1359 5512 et
1381 5459 1516 5516 lavacrum
1530 5470 1749 5535 regenerationis
1767 5467 1836 5535 caris

220 5520 390 5579 solumunodo
422 5528 607 5587 urerubrorum
641 5534 748 5591 ridetur
779 5537 1013 5594 mrnrrtendstione
1068 5550 1122 5606 tur,
1138 5546 1278 5615 accipitur.
1305 5547 1435 5605 intactum
1456 5563 1547 5609 autem
1562 5557 1695 5617 letaniarum
1709 5564 1776 5632 ejus,
1789 5561 1840 5616 dare

221 5603 332 5666 tuine:
349 5615 406 5670 baec
419 5619 734 5691 sustentationes
756 5629 869 5685 ιιιιιιιιιι
884 5629 1010 5687 decorent
1066 5648 1125 5690 ruta
1149 5645 1191 5693 est
1204 5642 1345 5698 cuncordia
1371 5647 1542 5716 popolmnn.
1570 5649 1660 5711 iudai
1688 5657 1836 5716 ritem
