3794 6120
135 214 191 277 tsi
371 216 483 276 SUPER
503 214 712 293 tantotiens
731 218 923 278 solutionis
943 217 1161 275 ALLBGORiCA
1183 218 1421 278 Eleusinios·-
1433 221 1496 276 titt.
1518 220 1538 275 i.
1718 222 1770 281 53⁸

134 331 218 400 bunt,
232 330 331 402 qulbus
349 329 377 385 ln
400 340 558 400 perpetuom
575 331 690 387 lrnterna
716 342 781 388 sunt
794 333 924 388 occiente
940 340 962 394 Α
977 329 1139 401 possidebunt
1154 341 1249 384 terrum
1271 329 1379 401 (Hortis.
1394 329 1424 397 u)
1437 346 1445 395 ;
1460 344 1539 398 qoam
1557 330 1646 386 ridere
1661 330 1769 387 druide-

134 419 294 489 eopulaodi.
324 417 354 473 tii
370 428 432 473 sunt
444 420 543 474 etenim
565 420 731 476 habitatores
748 432 827 476 terras
841 422 925 486 illins,
980 435 1042 477 raus
1068 421 1206 477 Psalmista
1222 421 1328 477 dicebat
1345 438 1352 474 ι
1367 419 1455 476 Credo
1470 419 1560 476 videre
1576 420 1645 477 bona
1664 421 1771 483 Duorloi

132 506 171 565 de
190 523 243 578 qus
262 508 390 563 Dominus
412 507 478 563 dicit
494 526 500 562 :
515 506 593 563 Beati
617 510 708 574 mites,
733 512 855 579 quonium
878 510 928 580 ipsi
981 512 1092 567 interra
1108 509 1379 581 uiuentiutnll’salm.
1396 518 1480 580 ιιι).

176 786 239 848 liis
253 794 318 844 erot
337 790 425 878 loros
447 790 743 880 commentariorum.
761 787 795 849 in
812 787 940 879 librum·
953 786 1028 858 Iob,
1045 806 1123 880 quos
1140 788 1287 848 nonnulli
1311 788 1382 847 l'en.
1414 786 1503 879 licdoe
1532 786 1771 878 attribuerunt,¹

132 866 715 1022 gqidnmq‘qilrsrprqqsoeqqqnqqderrntus
732 874 815 926 inter
841 868 876 928 S.
896 867 1080 945 Hieronymi
1108 883 1202 945 opero
1217 894 1229 938 ,·
1258 866 1449 942 Potroloptc
1467 874 1548 925 tomo
1565 867 1694 939 iiiiii,
1726 865 1768 928 ibt

1312 1120 1767 1139 ——u-——n———n-q

157 1239 476 1386 soron
514 1237 1119 1386 Pnnnoonns
1158 1120 1741 1395 solomonis

538 1496 947 1604 ALLEGORICA
984 1503 1348 1608 EXPOSlTlO.

747 1755 898 1832 tiana
934 1757 1127 1836 rannus
1689 1822 1708 1857 ,
1767 1708 1788 1811 ἶ

869 1894 1015 1909 “

386 1951 501 2010 caedi*
518 1952 661 2011 enimin.
938 1962 1059 2032 noiant,
1075 1961 1188 2017 libenter
1204 1962 1364 2028 auscultare,
1382 1974 1409 2018 et
1421 1964 1479 2021 bac
1492 1967 1605 2025 solerter
1618 1971 1765 2045 intelligere

167 2044 306 2102 Perciolrr
319 2041 478 2111 Salomonis,
493 2053 546 2099 etc.
561 2042 700 2098 Parabolos
713 2043 816 2113 Graece,
829 2047 921 2106 Latios
972 2061 1073 2107 curent.
1090 2081 1125 2092 -
1136 2049 1279 2115 iustitium,
1305 2060 1329 2108 et
1346 2055 1486 2124 judicium,
1508 2069 1561 2113 etc.
1583 2058 1690 2119 institia
1711 2079 1764 2134 est,

131 2138 260 2195 dicuntur
279 2135 488 2200 Similitudines;
503 2134 573 2203 qnod
596 2135 658 2192 lroic
679 2135 747 2191 libro
762 2137 921 2195 vocabulum
973 2141 999 2197 io
1013 2144 1052 2198 cis
1073 2159 1133 2212 qua·
1148 2143 1295 2198 secuudum
1316 2146 1436 2215 segniam
1451 2150 1573 2204 ueritatis
1586 2150 1654 2208 berre
1667 2170 1763 2225 open.

131 2226 309 2288 Salomonob
331 2225 357 2280 id
373 2225 509 2295 imposuit,
524 2234 553 2280 ut
575 2223 708 2281 sciremus
721 2226 810 2290 attins,
826 2238 854 2283 et
869 2244 922 2284 oon
973 2247 1034 2289 mur
1046 2250 1054 2299 ;
1066 2233 1209 2302 iudicium,
1227 2237 1253 2290 in
1278 2235 1331 2292 illis
1353 2253 1414 2306 que
1434 2248 1507 2294 recta
1519 2241 1682 2299 discretione
1703 2261 1763 2302 enin

131 2324 207 2392 iusta
222 2322 349 2383 litteram,
370 2317 519 2387 intelligere
533 2333 591 2386 quar
609 2319 694 2384 dicit;
718 2319 744 2373 io
759 2335 813 2388 quo
828 2321 923 2377 iiomi-
973 2324 1101 2389 proximis
1118 2327 1234 2396 aqimus.
1254 2325 1377 2397 AEqnitas
1392 2330 1418 2384 in
1440 2344 1474 2386 eo
1491 2333 1561 2402 quod
1582 2348 1643 2389 cum
1658 2337 1763 2395 sincera

134 2428 202 2469 uum
214 2410 347 2482 signidem
372 2423 420 2479 pes
431 2409 571 2478 parabolas
584 2410 669 2464 ttnbis
681 2410 765 2466 luisse
779 2411 923 2483 aliqnando
972 2414 1122 2471 intentione
1136 2415 1190 2470 lico
1214 2416 1275 2481 soli,
1296 2417 1322 2471 io
1345 2418 1386 2472 liis
1402 2434 1461 2487 anc
1481 2431 1554 2476 recte
1574 2424 1705 2493 gerimus,
1721 2427 1766 2484 rel

130 2503 294 2559 locuturum.
319 2499 394 2554 Sicut
407 2501 488 2555 etiam
508 2499 616 2570 proprio
632 2500 753 2565 nomine,
767 2510 794 2558 ct
811 2503 923 2572 pacilico
970 2504 1133 2576 iudicamus,
1148 2506 1255 2575 placere
1267 2507 1465 2565 contendimus.
1476 2540 1512 2551 -
1525 2510 1559 2566 Ut
1568 2516 1642 2568 detur
1651 2519 1767 2586 perutilis

127 2595 204 2664 regni
221 2592 264 2648 sui
276 2600 357 2658 statu,
372 2605 483 2661 regnum
502 2589 602 2646 Christi
615 2600 643 2647 et
657 2590 790 2649 Ecclesiae
804 2609 923 2664 perenne
971 2594 1076 2662 uststio,
1092 2607 1145 2652 etc.
1162 2594 1291 2652 Parvulos
1305 2595 1377 2653 dicct
1390 2611 1440 2657 eos
1459 2600 1504 2669 qni
1519 2617 1603 2672 nuper
1625 2606 1764 2673 sapientie

127 2683 287 2748 denuntiem
302 2682 336 2737 do
349 2695 403 2749 quo
416 2681 620 2750 scriptumest:
638 2679 922 2756 uuttrptteaiomejis
971 2698 1065 2741 aurem
1087 2685 1293 2741 accommodare
1311 2695 1473 2756 ceperunt:
1489 2689 1703 2761 adolescentem,
1719 2698 1763 2764 qtti

125 2778 274 2848 inpuluta,
288 2783 312 2830 et
327 2778 399 2845 pacis
411 2791 465 2830 ison
479 2777 527 2830 erit
546 2775 627 2845 finis:
641 2791 717 2843 super
730 2774 824 2830 sotium
839 2774 922 2831 boiis
971 2775 1135 2844 aliquantum
1157 2775 1213 2844 iam
1236 2777 1263 2830 io
1282 2776 1342 2843 ejus
1359 2777 1497 2835 anditione
1519 2781 1642 2848 proiecit.
1659 2782 1692 2838 tit
1703 2784 1764 2839 ideo

125 2877 152 2924 rt
164 2882 361 2937 supereqnunt
378 2869 435 2938 ejus
448 2863 577 2935 (imis).
593 2864 669 2920 Sicut
683 2864 775 2934 templi
798 2875 922 2921 constru-
971 2862 1086 2919 lortassc
1105 2864 1228 2933 parrulos
1249 2864 1343 2932 plurali
1364 2880 1488 2932 onmem,
1504 2868 1702 2926 adolescentem
1715 2887 1762 2941 sp·

126 2960 221 3014 etiotre
244 2970 276 3012 ac
289 2955 470 3019 dedicatione,
489 2954 692 3010 edificationem
716 2954 843 3010 Ecclesia
857 2969 920 3010 sua·
970 2953 1053 3024 pellat
1066 2952 1206 3024 singulari,
1221 2954 1283 3023 quia
1295 2952 1415 3009 doctrina
1425 2957 1576 3025 supientiae,
1591 2974 1659 3028 quus
1670 2960 1763 3017 diser,

129 3056 194 3115 etas,
203 3062 265 3118 que
274 3057 396 3116 tempore
410 3046 616 3102 recorrectionis
627 3046 653 3101 io
668 3054 799 3101 {eternum
812 3045 919 3102 dedica·
969 3044 1008 3100 sis
1022 3044 1106 3102 animi
1121 3044 1249 3113 motibus,
1265 3043 1379 3101 dirersis
1395 3047 1500 3102 uiuendi
1522 3051 1641 3105 moribus
1655 3050 1762 3108 deditos

131 3139 216 3205 bitur,
232 3137 438 3196 insinuandam
451 3146 480 3193 et
494 3138 551 3206 ipse
566 3135 635 3191 illios
648 3150 710 3193 esse
724 3136 818 3199 barid,
834 3146 861 3193 et
872 3151 920 3193 res
969 3136 1093 3204 suscipit,
1122 3135 1150 3190 io
1177 3135 1248 3189 riam
1274 3135 1379 3192 uirtutis
1402 3134 1590 3207 perfectiorem
1610 3141 1761 3198 erudiendo

132 3230 279 3300 spiritualis
299 3229 391 3296 lsrael,
413 3229 493 3284 etiam
517 3229 655 3283 turbarum
676 3229 840 3295 testimonio,
859 3244 920 3300 quse
970 3225 1104 3297 provebit.
1120 3225 1159 3282 [ie
1173 3225 1270 3296 quibus
1280 3225 1342 3296 iure
1364 3226 1492 3284 dicatur:
1517 3227 1691 3287 Multitudinis
1706 3248 1762 3288 ere·

125 3325 153 3377 el
175 3320 388 3391 Hierosolymam
410 3318 536 3383 uenienti,
552 3333 613 3373 cum
633 3318 779 3388 palmarum
794 3320 877 3374 ramis
890 3328 919 3377 et
931 3317 956 3384 (2
970 3316 1085 3371 dentium
1098 3324 1152 3370 erut
1166 3329 1212 3369 cur
1225 3331 1305 3370 unum
1318 3323 1342 3369 et
1358 3318 1446 3371 enimn
1458 3333 1511 3373 unc
1522 3318 1590 3391 (let.
1607 3323 1656 3388 ιι).
1673 3320 1708 3377 tir
1717 3323 1762 3377 de·

129 3411 258 3469 laudibus
273 3425 416 3466 occurrere
430 3409 601 3466 declarantur
615 3406 724 3474 tssuttlt.
738 3410 806 3479 ιιι).
821 3409 920 3466 Nutan-
971 3414 1024 3472 tur,
1045 3406 1141 3477 inquit,
1158 3407 1272 3476 paruulis
1286 3408 1390 3462 cstutiu.
1406 3408 1470 3464 linc
1484 3411 1582 3465 etenim
1598 3413 1707 3469 rudibus
1719 3423 1761 3470 est

129 3502 198 3559 dutus
212 3510 313 3567 antem,
328 3502 399 3572 quod
415 3500 525 3570 Vulgata
536 3500 620 3556 editio
636 3498 921 3569 normanniaque
969 3505 997 3553 et
1018 3494 1206 3564 incipientibus
1230 3498 1397 3564 necessaris,
1412 3512 1551 3569 perquam
1564 3501 1760 3571 sophismatum

125 3592 261 3649 liebrsice
282 3591 370 3647 llissae
381 3604 520 3655 uocantur,
537 3590 691 3653 Puroemios,
706 3591 733 3646 id
752 3601 802 3654 est,
819 3607 920 3658 prouer-
970 3585 1127 3656 dignoscere
1142 3594 1170 3640 et
1182 3600 1277 3642 carere
1292 3590 1437 3643 uersutiam
1452 3589 1564 3656 possint,
1582 3604 1616 3645 oe
1629 3590 1758 3646 luiturum

124 3684 170 3740 iis
196 3682 339 3740 dieicsed
360 3683 510 3753 necipsum
527 3697 625 3737 oonteo
655 3682 783 3739 abborret
805 3697 820 3737 a
844 3699 919 3740 uero.
971 3676 1109 3732 iraudidns
1127 3686 1345 3747 srqrrmentorum
1364 3677 1531 3732 abducantur
1550 3693 1566 3732 a
1587 3680 1761 3748 simplicitate

127 3776 197 3844 Qut
208 3775 283 3831 enirn
298 3774 430 3844 parabolae
446 3784 517 3829 recte
529 3784 728 3842 nuncupantur,
744 3775 805 3841 quia
816 3774 920 3830 occulta
971 3781 1041 3848 uere
1048 3767 1264 3836 sapientiumde
1277 3765 1353 3821 ducit
1366 3766 1399 3821 ud
1408 3767 1500 3822 uitam.
1511 3766 1669 3822 Adolescenti
1681 3770 1763 3824 scien

131 3873 207 3932 mot,
219 3874 331 3935 possunt
344 3878 397 3919 ooo
411 3863 557 3932 incongrue
567 3865 648 3918 etiam
664 3863 804 3932 proverbia
818 3865 919 3930 uocari,
970 3860 1007 3914 tio
1028 3867 1052 3914 et
1076 3859 1230 3924 intellectus,
1257 3859 1318 3927 quia
1332 3859 1377 3929 qui
1393 3858 1539 3929 prudenter
1552 3860 1669 3916 declinat
1684 3863 1762 3929 laiss,
1871 3918 1877 3929 ,

129 3953 270 4025 quietalis
285 3961 358 4019 suot,
369 3967 429 4021 quas
444 3952 539 4007 merito
552 3951 649 4022 sapius
664 3951 692 4006 ia
706 3965 754 4007 ore
767 3951 921 4020 colloqueo·
971 3957 1167 4018 cousequenter
1180 3948 1246 4003 scits
1261 3949 1381 4004 ueritatis
1394 3950 1532 4020 percipiet.
1546 3950 1679 4009 llacteous
1692 3969 1763 4023 pre·

129 4047 201 4104 dum
214 4047 326 4112 uersam,
339 4061 371 4100 ac
383 4045 512 4100 memoria
526 4045 644 4100 debeant
656 4043 777 4099 retineri.
805 4041 871 4097 llam
893 4050 920 4098 et
972 4039 1105 4104 titulatio;
1129 4039 1192 4094 binc
1212 4038 1266 4108 iam
1282 4040 1339 4108 ipse
1351 4046 1439 4093 tesius
1455 4038 1643 4096 Parabolarum
1658 4044 1760 4112 incipit.

129 4137 274 4209 prouerbio
296 4136 453 4206 plerumque
467 4146 521 4190 tum
543 4135 658 4190 obscure
673 4133 808 4196 dicuntur,
825 4145 854 4189 ut
867 4149 919 4188 oon
971 4160 1006 4174 ·-
1019 4129 1131 4184 Audiens
1154 4128 1267 4197 sopiens,
1289 4129 1430 4199 sapientior
1453 4132 1511 4183 erit.
1535 4128 1602 4197 Quia
1624 4132 1763 4202 sapientias

133 4227 273 4283 immerito
286 4224 381 4281 wem
396 4224 498 4293 possint
513 4224 593 4279 etiam
610 4222 797 4291 parabolarum
813 4223 920 4280 nornine
970 4228 1073 4273 amator
1090 4216 1191 4272 exstitit
1205 4217 1343 4283 Salomon,
1358 4218 1415 4287 qui,
1431 4221 1541 4286 optione
1555 4220 1606 4275 sibi
1624 4223 1694 4284 data,
1717 4239 1763 4277 sa·

126 4316 230 4382 unsri,
243 4315 356 4369 llomioo
369 4323 523 4381 attestante,
537 4315 582 4383 qni
596 4315 653 4368 ait:
669 4312 732 4369 lituo
744 4315 770 4368 io
781 4314 920 4382 proverbiis
970 4312 1098 4382 pientiam
1110 4309 1186 4378 petiit
1206 4318 1234 4364 et
1248 4308 1361 4378 accepit,
1376 4309 1488 4379 potctne
1501 4311 1605 4366 initium
1621 4311 1762 4366 Parabola-

126 4408 229 4461 lucutus
242 4421 299 4460 sunt
311 4406 391 4459 uoltis.
410 4403 485 4459 Venit
500 4404 629 4458 lucrorum
638 4406 696 4474 jum
711 4420 763 4457 non
777 4405 804 4457 in
818 4419 921 4470 mouer-
970 4414 1162 4456 rnmsuaruma
1172 4398 1763 4469 sapientissonicooodaotemair:sipien-

125 4497 177 4551 iiir
188 4497 280 4564 loquer
292 4493 372 4560 coiit,
386 4492 432 4548 sed
443 4494 527 4562 polens
541 4493 573 4545 de
592 4487 667 4545 Putre
679 4491 836 4545 minuistiuio
850 4492 920 4546 nolis
970 4502 1031 4556 tent,
1045 4507 1103 4545 cuin
1125 4488 1235 4544 audierit
1248 4481 1361 4554 onium,
1377 4489 1558 4558 sapientiorem
1578 4490 1657 4561 effici,
1672 4502 1762 4547 sisten-

126 4586 222 4659 (tous.
237 4587 306 4656 sut).
321 4584 390 4652 Quid
405 4595 494 4639 autem
509 4581 631 4637 utilitatis
646 4583 784 4638 Parabobe
799 4582 919 4638 Salomo-
970 4581 1010 4636 dit
1021 4581 1154 4637 neminem
1169 4579 1195 4633 io
1207 4579 1256 4634 lrac
1271 4580 1326 4634 rita
1338 4579 1373 4634 ita
1388 4580 1535 4664 sapientem
1547 4580 1604 4636 lieri
1615 4595 1703 4651 posse,
1720 4597 1763 4636 cu·

127 4680 172 4735 tris
182 4675 334 4741 eouleraot,
345 4674 395 4731 sub
407 4675 575 4729 incremento
586 4672 655 4726 tituli
669 4680 844 4739 monstratos,
858 4685 918 4726 cum
933 4675 1014 4747 Dios
1028 4678 1157 4747 sapientia
1172 4687 1288 4746 nequeat
1307 4677 1411 4746 augeri,
1426 4690 1585 4748 semperque
1605 4676 1688 4731 inuris
1702 4690 1763 4730 esso

126 4770 254 4827 stsbditur
267 4786 274 4823 :
286 4767 368 4821 -dd
377 4766 507 4822 senodum
518 4765 681 4834 sapientiam,
694 4774 746 4820 etc.
754 4763 919 4834 Sapientiam
971 4766 1129 4835 sapientium
1154 4774 1184 4820 ut
1206 4764 1286 4820 dictis
1305 4764 1449 4835 majorum,
1463 4773 1491 4820 et
1516 4766 1660 4835 aliquando
1680 4767 1761 4818 etiam

126 4869 262 4917 admouet
280 4858 447 4929 disciplinam
468 4858 588 4913 scireest
608 4855 743 4926 quomodo
764 4864 838 4910 recte
860 4869 920 4910 cre·
971 4856 1295 4925 minorum,auscnltcnt;
1308 4856 1434 4926 quidquid
1448 4857 1655 4911 inelsntilitatis
1667 4854 1762 4909 andie-

127 4953 207 5017 dere,
222 4951 338 5022 qualiter
351 4963 382 5005 sc
397 4949 634 5017 riucreoporteat,
646 4959 779 5015 quemque
790 4945 923 5000 ueraciter
972 4947 1037 5012 rint,
1053 4947 1086 5001 ud
1101 4961 1130 5002 se
1145 4945 1275 5013 replicent
1297 4960 1399 5015 suoque
1422 4947 1449 5001 in
1472 4948 1554 5000 corde
1578 4944 1760 4999 recordentur.

128 5042 271 5106 didicisse,
295 5055 349 5112 qno
372 5041 549 5096 intentionem
563 5038 652 5093 cordis
671 5037 799 5106 diripere,
811 5046 839 5091 et
859 5034 921 5107 qnid
973 5038 1092 5108 Denique
1117 5037 1220 5093 undiuit
1244 5038 1351 5107 sapiens
1380 5039 1468 5092 minor
1496 5036 1637 5106 majorem,
1667 5035 1760 5103 regina

127 5133 270 5204 operando
284 5146 379 5203 gerere
399 5131 553 5193 contenial.
568 5140 659 5184 110580·
673 5125 750 5194 Quod
769 5135 857 5181 annm
872 5127 922 5179 ²¹¹·
974 5129 1044 5187 Saba
1058 5129 1241 5197 salomonem,
1256 5139 1283 5186 et
1308 5128 1454 5198 sapientior
1464 5126 1543 5184 rediit
1557 5129 1566 5194 (
1578 5124 1624 5179 ill
1640 5126 1704 5199 ltep.
1721 5124 1762 5193 s).

126 5224 218 5295 iungit
232 5241 242 5275 ·,
254 5224 337 5276 -sd
351 5220 518 5292 intelliqendc
529 5219 761 5290 nerioprudentior,
771 5229 824 5272 etc.
833 5216 923 5272 Monet
976 5222 1085 5278 Audiuit
1101 5222 1206 5295 iloyses
1230 5235 1352 5276 mirarum
1377 5222 1461 5275 molto
1485 5218 1651 5284 inlerioretu,
1675 5226 1702 5271 et
1716 5229 1763 5270 su·

127 5328 181 5373 eos
204 5328 273 5380 tinus
293 5312 400 5379 imbuit,
423 5321 451 5366 nt
473 5325 526 5366 oon
540 5310 625 5366 solum
646 5308 816 5378 sapientiam,
842 5324 921 5377 quam
976 5311 1084 5368 blitnior
1113 5326 1145 5368 ac
1172 5312 1318 5381 sapientior
1344 5311 1519 5365 rcdditnsest
1540 5306 1762 5377 (Exedunt).

131 5405 222 5465 semel
244 5404 294 5475 ipsi
310 5405 486 5476 perceperint,
498 5401 634 5473 amplecti,
650 5409 678 5456 et
700 5400 847 5470 disciplinas
868 5401 923 5456 uir·
976 5402 1124 5459 Audiernot
1141 5401 1265 5471 discipuli
1283 5398 1431 5462 Christum,
1445 5409 1471 5454 et
1488 5398 1610 5467 spiritum
1624 5395 1763 5466 sapientie

134 5507 236 5563 tutent,
246 5511 324 5567 quam
336 5495 521 5565 coqrroreriot,
534 5494 619 5550 sciant
631 5490 771 5556 inseruire,
781 5491 829 5546 sed
841 5493 921 5548 etiam
976 5491 1114 5560 percipere
1137 5497 1301 5544 meruerunt.
1332 5486 1439 5541 tltrlitit
1464 5486 1635 5553 Nicodamus,
1660 5486 1764 5544 audiuit

132 5586 219 5647 retis
244 5584 436 5655 prurientium,
456 5584 552 5649 qiribnt
575 5583 607 5638 ad
628 5580 816 5651 perlectionem
844 5580 924 5651 proli·
978 5579 1388 5650 Gamaliel,audiuitdiscipulus
1404 5580 1473 5649 ejus,
1498 5581 1677 5651 tnocSaulus,
1691 5597 1760 5641 uuor

275 5675 408 5736 Pistor.
433 5673 501 5733 xci
1510 5674 1545 5728 ao
