3794 6120
138 232 206 288 tttol
386 231 490 288 BEDAE
512 231 736 304 lsusnsttltts
755 234 895 294 dssttott
915 232 1003 293 PARS
1022 235 1054 293 tt.
1074 266 1110 284 ι-
1128 238 1322 297 exstetisset
1342 237 1511 298 GssNlllNd.
1697 245 1773 302 loos

129 347 301 417 perveneris,
314 347 371 416 ipso
384 346 463 400 etisrn
474 352 626 411 attestante,
640 347 686 416 qui
699 349 737 402 sit
753 365 758 401 :
775 346 836 403 Esto
850 348 917 418 fide·
934 348 1002 408 ttae
1014 350 1175 420 turpitudine
1199 354 1395 410 uerborum.-·
1407 353 1441 409 lit
1457 357 1507 410 eris
1516 355 1583 411 sicut
1593 358 1729 416 dormtesa
1744 362 1774 419 io

133 438 296 508 liaosqseod
304 446 419 500 mortem,
430 444 453 488 et
464 435 707 490 dotaliticoronosr
716 437 872 508 oitaeldpor.
881 435 923 508 rt).
975 440 1143 508 mediomari,
1158 452 1211 497 etc.
1228 443 1255 497 ln
1275 443 1442 500 mediomari
1457 446 1568 511 dormit,
1582 446 1629 518 oui
1646 450 1676 504 iu
1690 449 1773 522 buius

14 568 18 581 .
135 530 245 586 -lleli
259 527 351 583 erreis
365 526 483 580 conuiuiis
499 533 721 595 potatorumetc.
735 526 924 598 Carnesquip·
977 530 1068 585 muudi
1083 532 1272 589 tentationibus
1288 533 1547 604 positusproridere
1561 540 1774 597 motusirrueu·

133 639 170 693 pe
195 622 228 677 sd
252 617 414 674 uescendum
445 616 579 683 conlerre,
617 628 660 673 εει
687 619 713 673 iu
747 619 924 675 collocutione
975 622 1039 676 tium
1054 622 1190 690 citiorum,
1204 624 1279 694 quasi
1293 625 1465 682 imminentes
1476 627 1609 684 undarum
1626 633 1774 702 cumulos,

134 706 327 779 derogationis,
353 705 468 762 vicissim
494 706 679 776 proximorum
698 706 761 761 ritis
776 706 875 773 dicere,
890 708 923 763 de
974 713 1094 785 negligit,
1107 723 1134 771 et
1148 716 1223 787 quasi
1238 718 1341 787 sopitus
1354 717 1519 788 gubernator
1534 720 1644 777 clarum
1656 726 1773 796 amittit,

135 814 248 873 quorum
261 813 338 868 ptens
350 813 411 853 mos
421 796 543 853 subditur
555 812 562 850 ι
573 825 609 839 -
620 796 922 867 Quiaomostetpotiins
973 802 1080 872 quando
1095 819 1171 860 meus
1184 805 1216 859 ad
1232 807 1373 876 regendam
1385 822 1480 863 narem
1495 811 1632 879 corporis,
1650 814 1774 871 studium

129 907 158 950 ct
178 893 270 949 dostea
284 891 409 964 spatiolo,
423 902 477 947 ete.
505 889 663 962 Symbolum
686 904 802 960 graecum
825 905 922 947 nomen
972 892 1158 949 sollicitudinis
1185 894 1283 963 perdit.
1298 924 1332 935 -
1348 894 1381 949 Et
1395 895 1477 964 dices,
1498 896 1706 957 Verbesaseraut
1721 921 1772 971 rso,

135 994 189 1050 est,
202 991 230 1039 et
244 985 431 1053 interpretatur
442 981 561 1037 collatio.
577 979 625 1037 Est
639 989 728 1038 autem
740 981 848 1037 collatio
862 997 918 1037 ser·
972 980 1017 1035 sed
1028 997 1077 1035 sos
1095 983 1177 1047 dolui,
1193 993 1244 1039 etc.
1262 983 1318 1039 llos
1332 985 1452 1054 percussi
1466 994 1494 1041 et
1506 986 1670 1044 dormientis
1682 994 1776 1063 expet.

133 1091 255 1141 monum,
269 1075 338 1129 sieut
362 1074 389 1128 in
409 1070 527 1128 consiliis
546 1071 631 1136 solct;
656 1079 735 1127 estet
748 1071 920 1139 pecuniarum
972 1071 1064 1131 mitur.
1079 1072 1152 1130 llens
1173 1073 1376 1143 quippeacura
1403 1074 1594 1134 sollicitudinis
1631 1079 1773 1145 dormiens

133 1169 194 1224 sire
205 1167 316 1222 aliarum
331 1178 430 1229 rerum,
447 1171 514 1218 utet
528 1175 647 1232 procons
659 1162 733 1218 loeus
746 1162 836 1217 docet.
848 1160 920 1216 Poti-
972 1162 1138 1229 verberatur,
1152 1173 1179 1218 et
1189 1177 1243 1218 oon
1255 1162 1339 1230 dolet,
1351 1165 1412 1234 quia
1426 1166 1496 1219 sicut
1510 1165 1687 1224 imminentia
1700 1171 1772 1226 mals

136 1261 184 1316 bus
205 1273 270 1329 ergo
289 1264 383 1313 uacent
404 1255 448 1325 qui
475 1253 510 1310 de
523 1251 667 1323 opprobrio
694 1253 788 1308 alieno
804 1252 868 1307 rito
889 1267 920 1308 se
973 1268 1025 1309 uon
1041 1255 1181 1326 prospicit,
1207 1255 1247 1311 sic
1271 1269 1320 1310 neo
1345 1270 1406 1325 quae
1422 1259 1624 1327 perpetraverit
1637 1264 1771 1332 agnoscit,

138 1349 280 1406 inebriant.
298 1346 454 1418 Symbolum
469 1358 533 1399 rero
546 1343 621 1410 dere,
636 1354 678 1398 est
693 1342 759 1398 sicut
772 1343 921 1413 unusquis·
971 1343 1106 1412 Trahitur,
1124 1353 1153 1401 et
1172 1360 1339 1416 nequaquam
1365 1348 1458 1412 sentit,
1480 1346 1544 1417 quis
1561 1364 1612 1417 per
1627 1350 1771 1410 iugcerm,

137 1454 190 1510 que
211 1438 281 1492 solet
303 1449 351 1506 pro
365 1443 439 1505 parte
452 1448 500 1488 sua
514 1431 589 1488 cibos
604 1431 638 1486 ad
653 1430 827 1497 uescendum,
844 1431 879 1485 ita
894 1429 920 1485 iu
972 1434 1096 1492 citiorum
1109 1437 1224 1504 ducitur,
1237 1451 1286 1493 neo
1299 1445 1388 1492 tamen
1409 1438 1442 1492 ad
1456 1439 1498 1494 sui
1513 1440 1670 1498 custodiam
1683 1444 1771 1501 susci.

136 1526 352 1584 contabulatione
374 1523 547 1580 detractionis
562 1522 643 1578 rerba
653 1522 787 1578 conterre.
802 1522 857 1579 Sed
872 1537 920 1578 ra·
971 1534 1051 1583 tstur.
1062 1527 1128 1594 Quae
1139 1527 1245 1597 quidem
1255 1527 1380 1596 evigilare
1388 1534 1472 1597 optst,
1481 1536 1511 1583 ut
1520 1528 1583 1584 rins
1591 1545 1770 1602 rurausrepe-

134 1629 227 1674 ⁰²⁰¹&
251 1618 366 1688 ll⁰¹lb¹¹⁸2
389 1624 416 1672 0¹
441 1615 535 1669 ⁶²⁰¹&
557 1612 689 1684 ‘imiimi
714 1620 917 1679 0⁰⁰⁸¹¹l¹¹²¹¹¹¹¹rs
973 1621 1102 1690 riueouia
1113 1620 1236 1690 quamvis
1247 1633 1342 1675 somno
1353 1620 1472 1691 stuporis
1486 1635 1501 1675 a
1514 1621 1557 1676 sui
1572 1623 1696 1680 custodis
1708 1639 1768 1695 pre·

133 1714 206 1782 quia,
218 1708 487 1779 sicutscriptumest.
502 1706 591 1762 ossis
605 1707 731 1760 detractor
738 1704 918 1761 erodicoiitss.
936 1688 1072 1779 fimum·
1100 1712 1211 1784 ,figam
1238 1722 1326 1768 „men
1352 1711 1387 1767 ,d
1411 1727 1489 1767 ,um
1509 1714 1605 1770 mun
1621 1716 1727 1787 mmm,
1740 1729 1769 1774 m

132 1833 167 1845 ·“
181 1803 305 1858 ΜΝ
317 1811 401 1857 “llil’'
413 1799 505 1871 illim
514 1797 673 1854 dmm
687 1796 753 1864 0⁰¹²
765 1794 919 1866 deiieclffll
972 1816 1079 1873 semper
1093 1803 1271 1872 uoluptatibus
1286 1803 1435 1859 debrietur.
1452 1804 1562 1860 Etcum
1576 1805 1613 1861 sd
1627 1806 1693 1863 iliud
1707 1807 1769 1864 dor·

134 1907 161 1952 et
171 1893 419 1966 inopemseunotis
430 1892 507 1949 bonis
516 1890 640 1961 operibus
649 1903 722 1944 mors
732 1900 779 1944 sus
790 1888 920 1954 inveniet,
972 1894 1048 1960 mist,
1072 1893 1098 1948 ln
1121 1907 1176 1963 quo
1203 1892 1317 1949 solerter
1341 1894 1454 1963 uigilare
1481 1894 1638 1964 debuisset,
1662 1898 1769 1970 sigism

133 2005 212 2058 quem
232 1990 276 2044 bic
288 1990 321 2043 ad
337 1987 432 2043 aliens
446 1986 507 2041 ritae
529 1984 695 2054 exquirenda
709 1984 819 2039 crimina
830 1983 920 2040 detra·
973 1982 1083 2053 appetit,
1096 1982 1130 2037 ad
1145 1981 1216 2054 quod
1235 1982 1404 2038 lsndabilitcr
1419 1983 1540 2039 dormire
1553 1986 1700 2055 potuisset.

133 2083 229 2139 otioms
242 2097 299 2138 tuse
313 2083 422 2151 languor
432 2079 580 2151 occuparit.
590 2108 624 2119 -
634 2077 751 2134 Gaudent
766 2086 838 2150 poter
848 2087 919 2143 tarta,
1253 2079 1367 2136 cetur
1385 2079 1483 2137 xxiv.

133 2184 159 2231 et
171 2186 252 2230 morer
266 2184 321 2246 tan,
335 2184 387 2231 etc.
402 2172 522 2229 Gaudeat
531 2172 602 2227 lieus
613 2171 691 2226 Pater
698 2170 732 2227 de
747 2170 919 2241 tusjustitis;
1012 2158 1038 2213 Ν
1040 2178 1054 2214 0
1068 2158 1194 2216 mimi
1218 2159 1286 2215 tim
1313 2161 1404 2228 meite
1428 2174 1483 2218 etc.
1507 2161 1548 2220 lte
1568 2164 1709 2223 desideres
1722 2182 1769 2226 eos

136 2267 253 2336 guudeat
265 2274 293 2321 et
316 2265 433 2321 Ecclesia
461 2272 559 2328 maten
581 2262 628 2318 sed
643 2271 670 2317 et
682 2260 817 2327 sacerdos,
834 2260 877 2330 qui
892 2269 918 2316 te
970 2248 1066 2305 irritari
1078 2264 1145 2320 otrus
1157 2250 1228 2306 vitiis
1241 2250 1295 2306 illis
1308 2250 1343 2307 de
1356 2251 1453 2322 qttibus
1466 2260 1679 2315 commemorari
1695 2261 1769 2319 ride·

137 2354 305 2426 pergratiam
331 2354 455 2422 baptismi
477 2353 655 2423 regeneravit,
680 2349 920 2421 orniqueteersdi·
970 2336 1172 2408 ¹i⁸5¹¹lll¹l⁰²lls
1190 2338 1619 2413 ⁸01¹litlllllS⁸²lfi⁸¹¹fi¹⁰⁴ll¹l²l¹m
1638 2347 1766 2422 dmm·

138 2445 201 2497 rita
215 2442 337 2512 pervolo,
353 2442 387 2496 de
401 2441 453 2496 tuis
476 2441 554 2496 bonis
580 2441 730 2511 gratuletur
747 2440 920 2510 operibus.--
970 2439 1039 2485 rato.
1049 2457 1086 2470 -·
1096 2427 1130 2482 In
1140 2429 1257 2483 doctrino
1271 2430 1437 2501 replebuntur
1448 2435 1569 2505 cellario,
1583 2446 1638 2494 etc.
1653 2438 1767 2497 cellaria

136 2532 251 2589 carissi
263 2535 339 2604 cujus
351 2532 488 2602 patrias?
513 2529 613 2596 Quaerit
636 2529 796 2599 disputando
822 2527 919 2599 quibus
969 2530 1032 2577 sunt
1052 2519 1301 2590 cardamomum,
1330 2539 1390 2594 quac
1405 2540 1459 2581 non
1485 2530 1536 2584 uisi
1551 2545 1602 2599 per
1613 2531 1766 2589 doctrinam

136 2625 274 2680 laominum
293 2622 441 2681 sceleribus
455 2622 571 2679 maxima
584 2637 598 2674 a
613 2621 727 2677 lioroiuo
740 2635 817 2690 pteaa
830 2633 919 2676 serre·
969 2612 1107 2683 sapiendae
1126 2612 1244 2669 donariis
1257 2612 1384 2670 virtutum
1400 2617 1592 2687 replebuntur.
1615 2652 1653 2664 -
1673 2622 1720 2678 Vir
1730 2640 1768 2680 as·

135 2730 188 2773 tur.
205 2716 238 2771 Ει
253 2715 396 2784 respondet
410 2714 469 2783 ipse
480 2712 673 2777 ratiocinando,
684 2713 743 2781 quia
758 2711 810 2778 ltis,
819 2711 919 2781 absque
969 2704 1053 2774 mena,
1073 2704 1149 2774 [actia
1172 2713 1228 2773 est,
1248 2713 1301 2762 ete.
1324 2705 1382 2761 Nun
1407 2711 1500 2767 omnis
1514 2713 1560 2783 qui
1576 2711 1656 2770 lortis
1675 2725 1703 2772 et
1722 2731 1766 2775 ss·

134 2809 207 2864 omui
222 2807 370 2874 dubietate,
385 2806 431 2875 oni
447 2820 494 2876 per
514 2803 670 2861 ebrietatem
695 2803 870 2859 devolvuntur
884 2803 919 2858 sd
969 2793 1044 2865 biens
1058 2805 1111 2862 est,
1141 2795 1229 2850 omnis
1241 2804 1331 2852 sutem
1342 2798 1450 2868 sapiens
1464 2800 1543 2859 lortis
1561 2818 1623 2861 esse
1638 2807 1766 2864 dicendos

133 2899 274 2953 luxuriam.
302 2895 362 2965 Cui,
387 2896 483 2966 innuit,
510 2897 567 2951 stc?
591 2896 665 2966 csjtts
684 2895 752 2964 patri
776 2895 834 2949 nst
861 2894 917 2961 γε,
968 2897 1020 2955 est,
1033 2891 1095 2959 quia
1109 2889 1159 2946 etsi
1176 2904 1289 2960 corpore
1303 2890 1445 2946 imbecillis
1459 2900 1512 2957 est,
1528 2895 1553 2949 si
1573 2896 1648 2952 sdsit
1662 2900 1767 2970 sapien·

132 2999 261 3045 eternum
275 2989 409 3043 interitum
422 2987 553 3042 nominat.
579 2985 617 3040 tte
631 2999 684 3054 ouo
696 2984 843 3040 Dominus:
861 2983 917 3052 l'ae,
931 3031 954 3097 c
968 2981 1017 3050 tia,
1042 2981 1132 3037 omnia
1146 2982 1223 3037 lortls
1246 2981 1406 3048 adversarii,
1431 2982 1457 3040 id
1474 2993 1528 3053 est,
1550 2986 1656 3044 diaboli
1679 2998 1766 3047 ceris·

132 3079 229 3149 inquit,
244 3079 341 3133 bantini
355 3077 395 3132 ilii
410 3095 454 3148 per
466 3093 540 3149 quest
565 3076 715 3132 uastatos
729 3077 796 3131 osuit
808 3075 916 3148 (idotttn
972 3071 1045 3127 mina
1058 3073 1151 3128 vineit.
1174 3102 1211 3115 -
1225 3073 1335 3127 Esceiso
1355 3074 1434 3130 stulto
1457 3076 1608 3146 sapientie,
1636 3087 1691 3135 etc.
1711 3082 1767 3138 llos

134 3168 222 3238 rrttt),
239 3168 342 3224 Patrem
355 3180 443 3224 autem
461 3169 520 3235 eius
531 3168 573 3223 cui
587 3182 629 3223 rae
652 3167 798 3234 immineat,
814 3168 855 3223 tel
871 3168 918 3224 lto-
970 3171 1058 3232 potest
1070 3162 1169 3219 stultus
1181 3162 1215 3218 ad
1228 3163 1388 3232 sapientiam
1403 3166 1552 3236 attingere.
1567 3169 1630 3224 Alta
1646 3183 1687 3226 cst
1697 3173 1765 3227 enim

133 3260 232 3313 minem
243 3258 318 3325 dicit,
333 3271 412 3328 aquo
421 3258 543 3326 exempla
570 3257 642 3326 prsri
656 3256 746 3327 operis
765 3257 829 3312 loris
842 3258 917 3328 qttis·
967 3256 1003 3310 ab
1016 3256 1106 3326 ecqui
1120 3256 1146 3310 in
1160 3255 1258 3311 inllmis
1271 3255 1345 3326 jacet
1358 3257 1501 3324 citiorum;
1526 3262 1574 3331 gui
1588 3264 1642 3319 etsi
1656 3265 1684 3320 in
1698 3281 1765 3336 pre·

132 3364 196 3419 oue,
208 3359 245 3404 >nt
273 3357 404 3419 peccaret,
419 3349 539 3418 accepit;
560 3348 602 3404 rel
617 3358 690 3404 certe
711 3349 856 3416 diabolum,
871 3349 917 3420 oui
967 3347 1037 3402 senti
1049 3360 1080 3403 se
1101 3347 1201 3418 aliquid
1214 3360 1309 3416 sapere
1325 3357 1417 3417 putat,
1434 3348 1460 3403 in
1472 3358 1552 3420 porta
1571 3361 1664 3409 umen
1675 3356 1765 3411 cirita·

134 3441 207 3495 intus
225 3440 253 3494 in
266 3440 348 3495 corde
362 3439 434 3495 uirus
449 3439 585 3510 pestilerae
597 3440 776 3511 suggestionis
790 3439 916 3497 inlundit.
968 3437 1019 3504 tis,
1042 3436 1139 3504 idest,
1164 3437 1191 3492 in
1202 3437 1277 3492 exitu
1294 3437 1372 3507 nujus
1384 3424 1450 3494 titre
1463 3439 1585 3498 inueniet
1604 3442 1673 3500 nibil
1684 3443 1764 3504 luisse

131 3527 170 3585 [le
184 3544 237 3600 quo
247 3528 346 3586 iudeis
356 3528 456 3584 dictum
466 3537 525 3585 cst:
542 3529 595 3584 Vos
605 3545 637 3584 es
649 3539 720 3600 patre
729 3530 834 3586 diabolo
846 3534 915 3600 satis,
967 3528 1037 3597 guod
1049 3528 1146 3598 sapuit.
1161 3557 1195 3570 -
1208 3528 1259 3596 Qsi
1273 3529 1368 3600 sopitat
1383 3530 1455 3583 malo
1467 3528 1571 3600 soene,
1585 3536 1683 3591 maritos
1693 3552 1763 3592 sees·

127 3629 155 3676 a
171 3620 296 3675 desideria
320 3621 402 3690 petris
427 3620 504 3676 rostri
531 3622 616 3689 socae
638 3620 715 3677 sultis
736 3620 826 3695 (toas.
846 3627 915 3694 rur).
968 3618 1046 3672 diter.
1066 3617 1105 3674 Ne
1125 3624 1231 3687 putares
1245 3618 1356 3674 stultum
1376 3619 1569 3677 aesrtmandum
1596 3622 1682 3682 luisse
1703 3641 1762 3683 estu

126 3709 360 3767 -cstrtsoeress
374 3712 472 3783 roser
487 3710 574 3777 utre,
589 3712 651 3780 uitta
664 3713 834 3768 cononum
845 3713 916 3784 pects
967 3722 1047 3779 qoem
1075 3706 1198 3764 lebetem
1222 3708 1381 3779 casuumque
1402 3708 1511 3779 tageno
1532 3711 1655 3781 rideris.
1680 3716 1761 3786 netas

124 3800 348 3868 cernerenescits
369 3815 448 3870 quem
461 3799 578 3856 ebrietas
601 3813 695 3856 senem
718 3800 845 3871 impotem
859 3802 918 3858 red·
967 3797 1101 3864 ostendit,
1126 3799 1189 3868 quia
1211 3798 1255 3853 ille
1277 3799 1375 3853 stultus
1390 3798 1529 3856 rocaudus
1553 3803 1591 3859 sit
1615 3806 1662 3877 qui
1682 3807 1760 3863 relic

130 3891 214 3957 didit;
240 3893 333 3961 brec,
357 3894 418 3964 quia
444 3891 541 3961 passim
566 3891 593 3947 io
621 3892 761 3947 rolutabrs
793 3882 916 3949 ritior'uro
966 3888 1128 3958 cogitatione
1143 3888 1244 3958 peceati
1256 3889 1474 3960 suggestionibus
1487 3898 1643 3966 consentit,
1660 3898 1761 3955 morcui

129 3984 246 4040 munitum
263 3984 359 4041 essese
370 3999 423 4040 non
434 3985 558 4054 enpust,
570 3984 616 4054 qul
627 3983 697 4039 intes
711 3987 780 4040 pona
795 3985 917 4057 marsque
967 3992 1030 4035 acer
1044 3977 1150 4049 ingenio
1164 3979 1271 4035 ridetur
1289 3981 1429 4048 esiatere;
1457 3997 1512 4038 nun
1537 3994 1633 4042 autern
1643 3987 1689 4043 ille
1700 3988 1758 4058 nui,

130 4073 296 4139 diacemere,
317 4072 393 4142 qussi
417 4081 506 4129 mente
529 4081 634 4142 captus,
657 4073 770 4142 ignorat.
786 4073 917 4145 illamque
967 4070 1019 4126 etsi
1033 4068 1116 4126 ltebcs
1128 4084 1210 4126 sensu
1224 4080 1352 4141 apparet,
1369 4071 1418 4127 liei
1434 4080 1526 4129 tamen
1541 4074 1683 4147 imperiis,
1706 4094 1760 4150 ssa

130 4166 278 4234 sepissime
291 4162 397 4219 torum
408 4161 533 4219 ebriosus
545 4161 654 4228 incldlt;
670 4162 763 4233 denua
779 4165 916 4233 prelorum
967 4163 1073 4220 discere
1087 4164 1183 4231 potuit,
1209 4164 1399 4235 obtemperare
1411 4166 1558 4235 disposuit.
1578 4198 1616 4211 -
1631 4169 1664 4226 Si
1677 4173 1758 4241 dupe

127 4254 289 4312 estchoes
314 4255 382 4309 esis
402 4254 596 4325 profundoso
617 4254 754 4321 meretrix
781 4263 804 4308 et
826 4266 916 4327 pateus
966 4254 1061 4310 ownia
1079 4253 1165 4310 dasem
1178 4254 1205 4309 is
1218 4255 1261 4311 die
1273 4256 1419 4327 segestioe,
1443 4266 1497 4313 etc.
1520 4257 1598 4316 Nilril
1612 4261 1759 4319 exsecrabi-

130 4354 264 4415 angustas,
276 4344 372 4399 alieno.
383 4372 419 4385 ·-
430 4342 478 4399 Gni
488 4344 543 4400 cist
558 4358 638 4397 casso
648 4343 774 4398 comma!
786 4352 838 4400 etc.
852 4345 916 4401 llul·
931 4346 1020 4442 nlius
1036 4346 1237 4417 desperatione,
1261 4363 1342 4418 quam
1356 4349 1402 4420 qui
1416 4348 1554 4421 babuerit,
1571 4365 1602 4410 et
1616 4354 1644 4411 io
1655 4371 1759 4427 genera·

133 4453 197 4493 sers
222 4439 280 4494 aine
304 4451 395 4507 causa,
404 4439 469 4508 ouis
484 4436 561 4493 multi
575 4437 637 4492 rino
657 4435 728 4492 ultra
743 4438 851 4495 modum
866 4438 916 4496 ius·
969 4438 1038 4494 libus
1052 4439 1131 4508 buius
1145 4440 1207 4495 ritas
1219 4439 1356 4495 laboribus
1368 4483 1377 4511 ,
1391 4451 1430 4509 et,
1447 4444 1520 4512 guod
1534 4445 1655 4505 maaime
1667 4460 1760 4525 uocet,

133 4527 209 4597 picti,
229 4529 338 4584 rulnera
353 4542 400 4598 per
414 4528 536 4584 dmmetn
558 4526 585 4583 in
604 4527 733 4584 membris
746 4539 913 4599 acceperunt,
968 4528 995 4585 in
1010 4529 1071 4586 lldei
1085 4532 1232 4585 certamine
1240 4531 1418 4587 contundam
1434 4531 1605 4594 tortitudinis
1617 4540 1716 4610 perdis,
1726 4569 1759 4584 ..

131 4635 190 4688 oce
201 4618 274 4676 nulla
285 4620 347 4676 terri
357 4634 438 4676 ecura
450 4622 632 4691 pertulerunt3
646 4620 756 4678 srtdusio
767 4626 915 4692 oculorum,
967 4615 1039 4673 Erite
1049 4635 1092 4675 eos
1106 4621 1149 4691 ssi
1164 4621 1329 4675 dicastnrsd
1340 4632 1457 4690 morus,
1472 4633 1528 4682 etc.
1545 4627 1643 4688 Potest
1654 4633 1760 4704 mgoiee

128 4711 191 4783 quis
205 4709 397 4766 immoderatus
408 4710 597 4776 rinilaaustus,
608 4719 635 4767 et
642 4711 780 4782 caliginem
796 4714 917 4783 plurimis
966 4712 1061 4781 sccipi.
1087 4710 1157 4765 lirue
1172 4712 1277 4781 eosqui
1294 4712 1328 4766 sb
1350 4712 1488 4771 hereticis
1509 4716 1698 4790 decipiuntur,
1718 4738 1759 4779 re·

127 4803 204 4860 risus
220 4801 380 4872 corporalis,
394 4809 421 4857 el
432 4803 581 4858 caeeiutem
595 4803 687 4873 genuit
696 4816 793 4859 sensus
807 4805 917 4861 interio-
967 4812 1038 4857 etam
1062 4800 1143 4858 ddem
1160 4800 1347 4871 praedicando,
1376 4802 1459 4859 libera
1488 4804 1628 4865 bonorum
1655 4826 1759 4883 opetum

128 4897 181 4953 ris.
194 4892 335 4949 -Nosne
362 4893 402 4947 itis
426 4892 471 4964 gui
494 4903 627 4947 mosomus
646 4894 675 4948 is
698 4895 776 4949 sisoi
790 4904 841 4950 etc.
858 4895 915 4951 lton
967 4894 1089 4962 exempla
1105 4893 1282 4949 monstrando
1296 4907 1345 4948 eos
1359 4893 1406 4965 qui
1420 4895 1492 4952 male
1506 4897 1760 4959 uirentibuscstbs·

136 5000 209 5048 relat
236 4989 328 5045 bibere
352 4987 442 5042 sinum
457 4986 492 5042 ad
521 4985 721 5053 necessitatem,
742 4986 789 5043 sed
816 4989 916 5045 morari
967 4982 1026 5041 licis
1041 4982 1182 5039 trabuntur
1197 4980 1231 5037 sd
1246 4983 1397 5040 interitum.
1421 4983 1515 5041 Sedet
1539 4987 1653 5060 siquos
1669 4992 1761 5049 incer·

132 5082 200 5139 eltra
228 5090 335 5150 tempus
355 5086 384 5135 et
404 5078 547 5133 utilitatem
575 5077 602 5132 io
626 5078 700 5146 riuo,
714 5087 742 5135 et
755 5080 916 5137 evacuandis
968 5074 1066 5131 umine
1090 5072 1288 5144 persecutionis
1311 5072 1402 5142 lapsos
1422 5073 1467 5129 rel
1492 5075 1624 5145 lapsuros
1650 5083 1761 5154 asperis,

130 5173 289 5229 alterutrum
314 5177 419 5227 certare
439 5166 582 5232 calicibus;
592 5166 669 5238 jutta
684 5168 749 5224 illud
764 5169 851 5238 letias,
872 5171 916 5227 l'ar
967 5166 1079 5223 sollicita
1104 5164 1153 5220 boa
1168 5161 1356 5219 exhortatione
1377 5163 1412 5219 ad
1426 5164 1510 5221 rium
1536 5181 1698 5229 restsmure
1711 5184 1759 5229 sat·

129 5266 174 5345 psi
188 5273 302 5336 ροιεειιε
315 5262 375 5316 estis
389 5259 423 5312 ad
437 5256 571 5312 tltmdnm
582 5259 679 5324 aissm,
697 5269 724 5314 et
733 5260 780 5314 siri
791 5262 872 5330 {ortes
882 5264 917 5318 act
966 5274 1015 5330 age
1028 5274 1036 5327 ;
1052 5260 1073 5314 si
1089 5274 1155 5330 nanos
1176 5258 1247 5315 laute
1262 5259 1406 5329 perituros,
1421 5260 1444 5316 si
1456 5276 1528 5332 quos
1543 5263 1641 5335 algere
1653 5269 1760 5334 nitens,

130 5355 287 5411 sciscendum
302 5352 446 5408 ebrietatem
456 5347 534 5420 (lani.
549 5347 589 5419 r).
602 5378 636 5390 -
651 5349 727 5405 Oceli
739 5350 776 5406 tsi
794 5351 915 5409 ridebunt
966 5348 1037 5418 illos,
1052 5351 1115 5406 doto
1127 5349 1198 5406 rictu
1215 5364 1249 5406 ao
1263 5350 1371 5418 restitu,
1390 5363 1496 5407 recrea.
1512 5381 1552 5399 -·
1564 5356 1692 5425 comede
1709 5360 1760 5429 fili,

128 5458 276 5513 msosess,
288 5444 548 5502 eteconsueturuet
558 5443 753 5513 peneoaturaie
761 5445 915 5517 ostritium,
966 5442 1026 5508 sut,
1042 5442 1102 5512 ssia
1115 5441 1208 5496 iosast
1222 5449 1275 5511 eat,
1300 5449 1355 5497 eto.
1370 5440 1447 5499 Pstet
1462 5442 1597 5505 iscislime
1609 5464 1698 5520 qtrsre
1717 5450 1758 5504 do·

129 5544 191 5603 pcst
212 5533 348 5590 ebrietatis
361 5546 462 5589 resena
476 5529 572 5588 dillusa
594 5533 620 5588 ln
635 5533 729 5601 corde,
755 5536 914 5595 muliebrem
966 5535 1080 5592 ctriuam
1104 5532 1243 5603 sapientie
1263 5531 1336 5589 melli
1364 5544 1508 5604 comperet
1531 5547 1562 5595 et
1587 5538 1672 5609 laro,
1706 5543 1759 5613 osis

130 5626 207 5694 sequi
231 5624 485 5696 conccupiscentiam,
512 5627 657 5684 eomitante
681 5628 761 5684 etiam
784 5632 916 5699 pravitate
967 5627 1111 5692 nimirum,
1134 5624 1259 5683 sieutilla
1273 5623 1359 5692 cibis,
1379 5626 1421 5684 sic
1435 5626 1759 5693 trsedoctriuiscctesis
