3794 6120
123 315 176 370 tw
373 309 474 366 lllillAE
495 305 718 362 texebamus
737 303 877 360 destruit
897 299 984 356 PARS
1001 298 1035 354 ll.
1056 327 1090 340 -·
1109 296 1306 355 utesstttct
1325 297 1492 354 ceturae.
1700 296 1753 354 ibt

125 408 178 456 rite
201 416 225 457 et
247 419 289 457 rer
310 417 409 453 ominem
434 401 510 462 iram,
529 398 740 468 indignatam,
768 394 905 454 malitium,
922 390 1063 450 Aaaimtts
1086 390 1168 457 ipsius
1190 403 1295 457 oemper
1313 389 1396 443 divini
1420 385 1536 444 nominis
1561 385 1597 442 sit
1620 388 1756 444 memoria

127 494 319 563 blasphemiam,
333 501 432 554 turpent
446 503 587 541 ιιιιιοιιιιι
610 488 643 539 de
663 502 707 538 ure
720 493 813 551 satra,
834 481 911 534 nolite
959 479 1094 546 preditus,
1108 488 1170 548 apte
1181 480 1369 548 subjungitur:

127 583 227 635 motae·
238 580 354 643 inuicem,
365 576 536 646 exspoliantes
550 574 792 629 aelamitarum
802 585 912 624 ιιιιιιιι·
995 571 1051 623 Ειὶι
1068 581 1153 623 auem
1175 569 1272 624 ιιιιιιιιιι
1295 586 1396 637 semper
1420 571 1447 622 iu
1467 569 1553 637 [rotule
1572 570 1643 639 ey'ttr,
1658 577 1713 623 ete.
1728 569 1758 625 Si

129 671 196 722 am
209 669 276 734 ejus,
287 674 312 718 et
323 665 422 718 induite
430 681 474 718 ror
487 679 592 729 uorum,
607 679 664 716 ιιιιιι
675 661 720 731 qui
739 669 873 713 resumatur
883 659 911 712 ia
959 660 1031 715 euim
1045 661 1142 715 lamina
1156 660 1262 715 nomirre
1271 660 1379 714 Domini
1392 662 1491 727 scripta
1502 673 1614 728 temper
1630 658 1716 715 luerit
1729 658 1758 715 iu

128 759 284 828 oguiriuuene
297 755 434 809 reundum
453 755 589 824 imaginent
608 755 665 824 ejus
678 748 721 820 qni
744 751 835 804 ararit
855 764 912 802 cart
961 751 1047 806 leonte
1062 755 1160 815 aaron,
1175 752 1321 819 placabitur
1341 751 1402 805 liliis
1422 750 1505 805 lsrael
1526 751 1680 815 Dominus;
1695 750 1760 819 quia

130 846 240 918 (coloss.
256 849 307 914 ιιι).
323 846 360 901 be
373 862 425 914 nno
437 846 559 900 uidelicet
571 852 664 899 saneto
675 843 778 896 boneiui
792 851 819 895 et
833 840 913 894 loan-
961 855 1022 895 euru
1039 843 1133 895 ductor
1152 843 1210 910 ipse
1224 841 1339 896 tideliter
1352 855 1383 896 se
1395 840 1484 895 dirino
1499 841 1615 896 seruitio
1636 855 1760 910 puraque

130 954 178 993 ures
202 938 228 991 iu
252 937 410 1006 apocalypsi
433 936 543 991 senuit:
564 934 633 999 lidi,
653 934 785 1003 iripoleos,
813 932 913 1001 aprum
963 941 1053 987 mente
1066 933 1224 996 subdiderit,
1240 947 1303 986 mox
1317 932 1397 986 etiam
1411 930 1513 986 subditi
1525 932 1661 1002 exettrplis
1677 932 1760 996 illius,

130 1039 237 1083 statutam
247 1045 325 1098 repra
336 1037 444 1082 merrtem
460 1028 535 1092 Sicu,
547 1038 571 1081 et
594 1043 652 1080 curu
675 1042 705 1079 eo
727 1036 829 1078 rentum
852 1039 913 1088 uua·
963 1040 994 1077 ac
1009 1024 1116 1076 uostris
1135 1025 1250 1087 accensi,
1264 1034 1292 1078 et
1313 1022 1362 1091 ipsi
1385 1035 1457 1078 recte
1472 1025 1573 1091 risere,
1588 1026 1763 1094 gratiamque

131 1122 248 1191 donpierra
280 1131 390 1189 quantuor
420 1122 501 1173 stillio
535 1119 652 1171 lubenter
679 1133 769 1170 aomar
799 1119 865 1187 ejus,
892 1123 916 1168 et
965 1113 1060 1168 interni
1073 1117 1219 1182 aspectoris
1232 1114 1380 1183 promereri
1392 1123 1527 1184 satagunt.>

136 1228 229 1264 nantes
267 1211 354 1265 l'utrir
391 1213 446 1283 ejus
479 1212 601 1279 rcripraur
650 1212 676 1261 in
708 1206 833 1276 frontibus
862 1205 915 1259 tuit
1259 1202 1370 1258 turbt
1391 1202 1459 1258 lttt.

135 1305 226 1371 tApue.
241 1302 307 1372 xrs).
320 1303 369 1368 Qui
395 1316 486 1357 rursus
506 1302 653 1356 claritatem
678 1313 801 1365 ιιιιιιιι
825 1296 917 1365 patria
1186 1294 1283 1347 Τιιιίιι
1296 1294 1397 1363 byssino
1410 1304 1433 1348 et
1446 1295 1523 1348 tiara.

135 1390 301 1455 descriltens,
314 1392 352 1444 ait
366 1409 373 1418 ·
388 1390 421 1444 Et
435 1391 506 1444 aeder
530 1389 578 1441 Dei
590 1401 614 1442 ιι
627 1389 693 1457 Apri
704 1390 730 1440 in
744 1387 790 1438 illu
800 1393 884 1447 aaut,
894 1392 918 1435 et
1003 1386 1166 1455 Strinperyrre
1175 1388 1247 1456 tyreu
1261 1386 1383 1441 tunicum.
1395 1386 1457 1440 llne
1469 1395 1511 1440 est
1526 1386 1617 1441 trrtrica
1636 1386 1763 1453 interior,

134 1482 200 1535 serui
212 1486 267 1552 ejus
277 1483 383 1535 rerrieor
398 1483 446 1545 illi,
467 1490 490 1533 et
517 1483 632 1534 ridebunt
646 1480 736 1548 sacient
750 1481 818 1547 ejus.
831 1487 855 1529 et
868 1490 920 1530 rta-
969 1493 1047 1543 quarn
1058 1492 1136 1545 supra
1151 1478 1246 1531 lineam
1264 1474 1388 1531 strictaur'
1398 1485 1544 1545 nuncupat.
1561 1478 1655 1542 Quare
1670 1488 1763 1533 auteur

138 1587 194 1624 renen
209 1573 267 1642 ey'ur
280 1573 306 1625 in
322 1571 447 1642 frontibus
460 1587 547 1625 eoram
575 1571 667 1638 (Aper.
678 1568 758 1637 ιιι).
773 1565 841 1621 Cum
856 1580 920 1635 ergo
971 1569 1040 1622 linea
1061 1570 1153 1622 stricta
1167 1568 1201 1621 sit
1214 1569 1295 1631 dit-ta,
1310 1568 1351 1623 rel
1365 1570 1444 1638 bysso
1457 1569 1552 1638 stringi
1578 1569 1763 1638 praecipiatur,

136 1660 206 1713 idem
219 1675 314 1714 nonreu
329 1659 515 1714 sacratissima
526 1657 704 1714 uenerationis
714 1671 808 1711 omrtcs
816 1657 918 1725 bguum
970 1663 1024 1730 jann
1044 1661 1165 1730 superios
1181 1663 1330 1730 expositum
1349 1673 1406 1726 est,
1421 1673 1448 1715 ct
1464 1675 1535 1715 ιιιιιι
1559 1661 1763 1730 adjiciendum

138 1763 291 1820 sequentes,
312 1753 361 1808 lroc
372 1762 422 1817 est,
443 1754 559 1806 uniuersi
572 1752 672 1817 fideles,
683 1750 710 1803 irr
722 1750 778 1819 ipsa
791 1763 846 1802 suae
859 1761 921 1816 pro·
935 1722 960 1781 Β
973 1751 1032 1818 aab
1046 1752 1131 1805 ιιιιιι
1144 1750 1243 1804 milites
1258 1752 1355 1806 trabere
1380 1751 1474 1816 lineas,
1491 1766 1558 1820 queas
1573 1751 1703 1806 camisias
1718 1766 1765 1807 ro·

140 1844 264 1897 lessinnis
284 1843 372 1898 lroute
390 1843 504 1898 debeant
524 1843 638 1906 babere;
654 1850 753 1910 quanto
770 1839 854 1909 magis
869 1853 922 1893 ue·
970 1854 1042 1906 cant,
1055 1843 1095 1895 sic
1116 1852 1191 1910 aptas
1207 1841 1343 1908 interituris,
1363 1848 1391 1896 ιι
1415 1843 1524 1895 strictas
1548 1841 1723 1906 corporibus,
1736 1851 1765 1896 ut

138 1946 215 1986 cesse
229 1942 270 1988 est
288 1949 333 1987 etis
345 1934 401 2002 puri,
414 1944 524 2000 accepto
541 1929 696 1998 sacerdotio¹
710 1945 740 1984 ac
768 1927 922 1999 magisterio
972 1931 1087 2001 expediti
1107 1933 1172 1997 sint,
1187 1933 1228 1987 rel
1248 1934 1281 1984 arl
1302 1947 1421 2000 cursum,
1437 1931 1477 1986 rel
1500 1932 1535 1985 ad
1559 1932 1686 2000 praeliuru
1701 1932 1766 1986 diri·

139 2020 281 2087 spirituali,
305 2022 430 2077 ducatum
462 2023 550 2093 gregis
573 2022 701 2076 dortrinici
734 2019 821 2075 sortiti
849 2027 922 2086 suut,
972 2024 1057 2094 pseudo
1082 2023 1187 2093 jacula,
1212 2025 1326 2079 tenendo
1350 2024 1456 2095 clypco,
1482 2038 1548 2079 ense
1576 2024 1714 2090 librando,
1739 2036 1767 2081 et

142 2114 293 2180 exemplum
315 2115 420 2169 uirtutis
445 2116 568 2170 uentribus
595 2116 621 2168 in
648 2115 737 2182 seipso
758 2111 923 2167 ostenderet
973 2127 1130 2181 quocunque
1150 2113 1293 2166 necessitas
1313 2113 1434 2177 traxerim
1455 2114 1564 2183 qualem
1586 2124 1616 2168 et
1636 2113 1705 2168 loab
1721 2115 1767 2169 ba·

144 2201 255 2274 ligatur
267 2217 355 2259 antem
371 2207 479 2271 launna,
496 2222 556 2275 uuae
580 2218 703 2260 sanetum
720 2202 823 2257 Domini
838 2202 925 2257 eonti-
974 2202 1065 2257 lenisse
1080 2203 1186 2272 legitur,
1202 2201 1307 2270 quaudo
1330 2203 1454 2256 durasatn
1480 2203 1617 2259 interfecit
1642 2203 1685 2273 (ll
1702 2204 1767 2278 ltcy.

144 2305 198 2359 net,
213 2297 275 2349 ritta
287 2295 459 2365 hyacinthina
474 2310 535 2351 cum
546 2297 613 2351 tlara
634 2294 787 2365 pontificis3
801 2308 863 2347 eum
877 2308 926 2361 spe
974 2292 1032 2360 xx),
1044 2300 1136 2345 structa
1157 2291 1258 2346 scilicet
1271 2291 1303 2345 ad
1326 2307 1477 2346 mensuram
1503 2291 1613 2348 liabitas
1628 2293 1682 2348 sui.
1697 2293 1769 2366 Ergo

145 2387 296 2441 cmlestium
312 2389 455 2452 unororn,
470 2403 548 2457 quam
564 2389 723 2459 hyacinthus
738 2387 882 2456 sigtriltcat,
898 2385 924 2438 iu
974 2394 1001 2440 et
1014 2384 1166 2440 sacerdotes
1180 2387 1263 2454 parati
1284 2387 1309 2440 in
1334 2387 1512 2443 ministerium
1528 2388 1575 2444 [tei
1590 2397 1706 2446 utuntur
1720 2392 1770 2447 bac

145 2475 196 2529 fide
206 2475 399 2539 conluctamur,
410 2485 478 2531 cteo
489 2478 586 2532 arctius
599 2477 641 2531 rel
650 2484 815 2531 sacramenta
828 2484 926 2528 nostra
977 2478 1074 2539 tunica,
1088 2487 1117 2530 ut
1135 2476 1262 2531 brabeutes
1283 2477 1506 2546 pulchritudinem
1529 2482 1770 2550 vestimentorum,

145 2563 345 2633 redemptionis,
361 2567 401 2620 rel
418 2566 561 2636 imaginem
573 2581 604 2621 ac
621 2565 826 2620 siritilitudiuem
842 2562 927 2617 nostri
977 2565 1106 2619 nudorum
1121 2565 1257 2620 celeritate
1268 2565 1428 2621 discurrant.
1444 2566 1505 2622 llaec
1515 2569 1617 2638 tunica,
1629 2571 1694 2640 quia
1703 2571 1772 2627 sicut

143 2654 296 2709 Corrditoris
306 2672 336 2708 ae
348 2655 533 2724 Redempturis
544 2658 732 2711 intemeratam
747 2669 928 2709 serrarecon·
979 2657 1147 2727 byacintbina
1172 2655 1205 2710 ad
1230 2658 1312 2725 pedes
1335 2672 1419 2726 usque
1445 2659 1631 2728 pertingebat,
1657 2667 1687 2717 et
1714 2663 1773 2733 ipsa

147 2744 354 2811 audimusque
370 2747 472 2801 nullum
485 2746 728 2801 eusealiudsalutis
738 2747 789 2800 iter
802 2743 929 2814 cognori-
977 2749 1069 2804 Graec
1085 2749 1200 2818 poderis,
1216 2749 1242 2803 id
1257 2764 1308 2820 est,
1323 2753 1424 2816 talaris,
1437 2762 1530 2808 uocata
1552 2764 1612 2822 est,
1632 2758 1715 2827 enjus
1737 2758 1774 2814 gy.

145 2848 215 2888 ιιι.
230 2835 266 2888 lle
278 2836 360 2904 lrgura
375 2836 447 2891 tiarae
461 2837 487 2891 in
498 2837 669 2904 sentientibus
680 2851 730 2891 suo
743 2836 804 2890 loco
814 2835 927 2889 dicetur.
978 2841 1111 2912 guilicatio
1132 2843 1243 2910 mystica
1264 2843 1289 2896 in
1310 2851 1431 2910 promptu
1447 2852 1506 2898 est:
1524 2859 1588 2899 cum
1611 2847 1686 2902 enim
1709 2862 1776 2903 cou-

147 2923 253 2989 Verrnn,
265 2927 324 2994 quia
336 2928 461 2982 sacerdos
471 2927 705 2992 tautaeindustriae,
719 2928 777 2982 talis
785 2940 843 2981 esse
851 2927 930 2981 debet
979 2939 1041 2999 stet,
1057 2931 1112 2986 lino
1124 2932 1165 2985 rel
1180 2933 1260 3003 bysso
1272 2932 1462 2987 continentiam
1474 2943 1504 2990 et
1517 2935 1673 2993 castitatem
1691 2938 1776 3010 tigui-

144 3020 231 3075 meriti
242 3021 309 3089 apud
319 3018 412 3085 beutxn
426 3020 469 3088 qrri
486 3028 590 3086 peccata
603 3019 690 3087 populi
703 3034 748 3073 sua
762 3018 928 3072 exlturtatiu·
981 3019 1054 3075 lucari
1070 3021 1189 3092 corporis
1203 3022 1296 3085 nostri,
1305 3022 1382 3091 juxta
1395 3023 1465 3093 quod
1480 3025 1581 3094 sapius
1592 3040 1677 3097 supra
1690 3031 1776 3099 expli·

147 3128 192 3178 ne,
208 3112 398 3179 increpatione,
414 3110 595 3164 admonitione
606 3111 738 3178 corrigere
748 3116 775 3163 et
788 3109 928 3177 castigare,
981 3121 1070 3167 catum
1091 3123 1142 3178 est,
1157 3113 1278 3168 strictam
1292 3115 1390 3169 babent
1404 3115 1513 3184 lineam,
1527 3117 1590 3172 site
1605 3120 1727 3175 tunicata
1740 3119 1777 3177 tle

147 3208 256 3274 surisque
270 3204 354 3258 ralent
369 3201 491 3270 precibus
506 3203 625 3266 abluere,
640 3210 713 3256 recte
727 3199 895 3270 subjungitur
909 3216 915 3251 :
983 3205 1064 3274 bysso
1077 3203 1239 3269 sacerdotes,
1252 3219 1313 3258 cum
1335 3207 1500 3274 propositum
1524 3208 1702 3264 carutiuetrtiae
1724 3225 1777 3266 ue-

183 3292 932 3367 Porrnlitrpreduroniuiquirutereoruur,etc.Portatnartt-
983 3306 1112 3361 quaquam
1133 3293 1265 3347 enerviter
1278 3303 1306 3348 et
1327 3294 1399 3349 fluxa
1422 3304 1514 3351 merite
1537 3298 1706 3356 custodiunt.
1722 3301 1779 3357 Sel

149 3406 200 3457 pne
214 3387 330 3457 pontifex
345 3385 496 3455 iniquitates
510 3384 688 3451 subditorum,
704 3383 729 3435 id
744 3391 795 3447 est,
810 3389 932 3450 exportat
985 3391 1056 3435 tarrta
1072 3396 1180 3451 prorsus
1202 3383 1339 3451 instantia,
1354 3394 1383 3439 ιι
1406 3387 1443 3440 nil
1465 3386 1528 3443 belli
1549 3391 1780 3459 concupiscibilis

148 3487 176 3533 et
195 3479 290 3544 anlert,
304 3491 365 3530 ιιιι
385 3486 431 3529 aut
445 3488 492 3529 ens
512 3474 632 3529 ducerrdo
654 3471 838 3540 yroerritentiam
859 3485 934 3525 eom·
983 3486 1046 3525 caro
1062 3482 1153 3526 contra
1169 3474 1302 3541 spiritum,
1319 3484 1364 3528 aut
1378 3484 1471 3530 contra
1495 3491 1600 3532 carnem
1614 3489 1694 3549 gerat
1716 3483 1779 3551 spis

150 3567 291 3621 rrrbsoruut
316 3574 457 3634 prouocat,
479 3572 525 3618 aut
548 3577 595 3632 pro
618 3561 807 3632 penitentibus
830 3559 934 3631 suppli·

148 3659 236 3714 caudu
256 3659 366 3728 gratiam
387 3657 445 3727 ejus
461 3657 526 3727 justi
539 3655 635 3725 judicis
648 3655 782 3709 conciliat.
797 3654 869 3709 Facit
886 3668 934 3709 au·

150 3759 204 3804 tent
220 3749 270 3803 lroc
290 3747 316 3802 in
340 3747 492 3802 muneribus
507 3755 535 3802 et
548 3746 675 3813 donariis,
691 3762 750 3816 qua
765 3746 813 3813 ipsi
828 3745 933 3801 obtule·

150 3847 212 3892 runt
238 3837 361 3902 Dotruino,
384 3847 411 3892 et
435 3837 685 3903 sanctificaverunt,
709 3852 833 3907 cumpro
858 3836 934 3890 bonis

149 3928 274 3996 operibus
296 3925 425 3983 lrnetibus
443 3928 529 3997 dignis
552 3928 726 3998 poeniteutie,
741 3928 766 3982 id
787 3936 844 3993 est,
861 3927 933 3981 elee-

150 4020 278 4090 mosynis,
293 4022 450 4087 caeterisque
462 4019 587 4087 operibus
599 4017 719 4088 justitiae,
733 4033 792 4086 qua
811 4018 934 4083 lecerint,

152 4114 311 4178 penitentes
325 4127 340 4164 a
355 4121 429 4163 reatu
442 4110 583 4174 scelerum,
595 4124 654 4175 qrrte
667 4109 799 4177 orroodan
815 4120 936 4179 patrare·

152 4210 224 4266 runt,
240 4201 363 4254 absolvit.
381 4199 441 4253 llaec
454 4201 562 4268 quidem
577 4202 611 4254 ita
624 4201 739 4269 gerentia
753 4201 882 4255 institutio
896 4200 937 4255 di·

152 4293 224 4356 uina,
237 4299 265 4346 et
286 4293 311 4345 iu
328 4290 419 4343 trabitur
443 4291 573 4358 pontilicis
588 4292 699 4361 mystice
722 4292 853 4361 ligurauil,
868 4302 896 4348 et
910 4295 935 4350 iu

985 3564 1059 3617 ritus.
1083 3563 1190 3618 tineam
1212 3563 1308 3620 babent
1329 3565 1465 3636 strictam,
1482 3582 1544 3623 cura
1566 3571 1780 3640 concupiscente

983 3669 1015 3710 ac
1030 3655 1167 3710 delicieute
1189 3657 1342 3713 omnimode
1356 3660 1454 3725 anima,
1471 3661 1499 3716 iu
1511 3661 1581 3716 atria
1602 3662 1715 3719 Domini
1732 3679 1780 3721 cor

983 3746 1089 3801 illorum
1112 3746 1209 3818 pariter
1221 3759 1250 3802 et
1269 3764 1332 3804 caru
1352 3749 1423 3805 socia
1436 3752 1618 3820 germanitate
1637 3756 1780 3810 exsultant

985 3839 1010 3892 in
1027 3839 1109 3894 Deum
1123 3840 1221 3894 riuum.
1240 3839 1301 3895 llac
1314 3850 1403 3897 autem
1417 3842 1487 3897 lintea
1502 3858 1556 3899 ιιοι
1571 3846 1664 3901 solum
1675 3848 1776 3910 ortua,

986 3945 1077 3984 rerum
1100 3931 1180 3984 etiarn
1194 3931 1300 4000 poderis
1324 3943 1379 3995 est.
1396 3933 1524 3990 videlicet
1541 3936 1576 3991 ad
1595 3938 1681 4006 pedes
1697 3953 1779 4008 utque

986 4022 1160 4086 descendeus,
1176 4037 1236 4077 eum
1251 4023 1413 4078 ceretiuentia
1437 4040 1491 4081 uon
1513 4027 1676 4084 unicuilibet
1696 4045 1777 4086 metu·

988 4115 1035 4167 bru
1052 4114 1184 4169 uiolenter
1200 4114 1333 4184 imposita,
1349 4115 1396 4171 sed
1412 4116 1438 4170 iu
1454 4126 1511 4173 tntu
1534 4127 1577 4174 est
1600 4135 1718 4189 corpore
1734 4121 1775 4177 de·

987 4202 1146 4257 laetabiliter
1167 4214 1359 4258 corisumrnata.
1377 4205 1439 4261 liae
1459 4208 1559 4262 etenira
1581 4209 1667 4281 linea,
1688 4226 1775 4268 manus

987 4305 1019 4345 ae
1032 4293 1139 4345 brachia
1152 4292 1232 4347 debet
1253 4293 1386 4365 stringere
1407 4298 1566 4360 sacerdotis,
1586 4302 1708 4371 nequid
1730 4303 1774 4360 uisi

48 4404 51 4409 >
151 4384 240 4437 uerbis
252 4382 321 4438 sacri
335 4382 435 4451 eloquii
454 4382 593 4438 manifeste
606 4383 706 4437 docuit.
722 4383 775 4439 Sed
798 4385 875 4455 louge
890 4387 976 4466 ali-1)
990 4384 1053 4438 atie
1072 4383 1186 4449 laciaut;
1208 4395 1309 4451 pectus,
1333 4400 1366 4439 ne
1388 4387 1451 4454 quid
1474 4387 1555 4443 inane
1580 4391 1701 4461 cogitet;
1720 4406 1776 4448 reu-

152 4484 203 4539 ter,
222 4475 288 4541 prob
310 4475 400 4528 dolor!
417 4475 523 4544 quidam
550 4476 692 4543 praesulum
717 4477 831 4542 taeioor,
847 4479 892 4548 qui
910 4487 937 4533 et
991 4484 1069 4535 irent,
1087 4487 1119 4528 ne
1131 4471 1241 4527 delitias
1255 4473 1324 4528 ultra
1344 4477 1451 4529 ιιιοιΙιιιιι
1466 4480 1633 4547 appetendo,
1654 4481 1777 4541 umore

151 4563 263 4618 donaria
278 4563 334 4618 site
347 4580 459 4619 munera
479 4565 611 4635 accipere,
626 4566 680 4622 iruo
694 4569 802 4639 exigere
816 4568 908 4623 nolunt
921 4584 937 4624 a
988 4564 1088 4632 gulosis
1099 4562 1187 4620 lacere
1200 4574 1360 4633 praesumam
1374 4566 1492 4634 sulrjecta
1504 4569 1586 4623 etiam
1599 4572 1688 4628 uentri
1699 4588 1779 4633 mem·

152 4650 263 4724 populo,
278 4663 304 4708 et
320 4655 356 4708 nil
377 4669 425 4723 pru
440 4657 621 4726 iniquitatibus
639 4658 709 4727 ejus,
723 4672 750 4714 ιι
765 4671 939 4726 exportentur
991 4659 1048 4717 bra.
1064 4671 1097 4710 ne
1117 4656 1279 4711 lasciviendo
1299 4667 1381 4713 totaur
1400 4660 1576 4716 sacerdotalis
1597 4662 1707 4720 babitus
1727 4670 1780 4737 pul·

152 4752 180 4799 et
190 4743 363 4812 castigentur,
377 4744 532 4816 reniumque
543 4747 682 4815 accipiant,
696 4759 793 4804 curant
805 4750 938 4817 laborare,
991 4746 1167 4802 cluritodinem
1192 4761 1379 4816 corrumpam;
1406 4763 1511 4819 genua,
1534 4767 1569 4809 ιι
1592 4753 1627 4809 ab
1654 4758 1782 4816 orationis

152 4847 213 4889 euru
227 4835 262 4887 ob
277 4832 327 4888 boe
341 4836 426 4889 sulum
440 4836 507 4890 derna
523 4840 677 4908 temporalia
699 4855 806 4895 sumere
826 4841 941 4896 debeant

153 4940 169 4979 a
182 4924 304 4990 subtilis,
320 4924 390 4994 quud
404 4941 451 4981 eos
466 4937 565 4981 aeterua
588 4931 656 4983 buna
670 4930 839 4998 praedicando
852 4930 886 4985 ab
899 4945 941 4985 er·

154 5033 216 5075 rure
227 5022 403 5084 correxerint,
417 5030 496 5091 atque
506 5022 540 5076 ad
555 5022 623 5075 riam
639 5021 758 5076 ueritatis
769 5021 940 5090 deduxerint,

154 5113 187 5166 ad
201 5111 375 5166 imitationem
390 5115 534 5181 primorum
550 5122 647 5165 sanctae
658 5111 783 5166 [lt-elesius
793 5111 940 5178 doctorum,

157 5204 201 5268 uui
217 5204 268 5257 illis
282 5221 296 5255 a
310 5204 406 5272 quilius
427 5204 583 5271 temporalia
608 5203 789 5270 percipiebant
811 5200 941 5272 subsidia,

155 5294 322 5348 continenter
336 5294 458 5348 aiebant:
475 5293 505 5348 st
515 5308 561 5347 uer
571 5293 639 5346 uobis
650 5291 795 5363 spiritualia
809 5294 944 5347 reurinuri·

155 5402 222 5451 rttur,
236 5403 356 5458 urupuaur
369 5395 404 5440 ιιι
417 5387 438 5439 ri
455 5397 539 5440 uestra
557 5385 672 5438 carnalia
695 5393 819 5439 metaretur
841 5381 868 5450 (l
882 5384 942 5440 Cor.

156 5479 213 5546 tull
228 5480 323 5550 ilerum
339 5478 398 5548 quia
415 5477 510 5545 prastrl
524 5477 639 5546 quisque
648 5476 704 5531 sive
721 5477 844 5532 minister
858 5478 943 5546 uerbi,

160 5580 194 5620 un
208 5569 295 5623 solinu
311 5583 358 5639 pru
371 5567 483 5622 subditis
498 5567 642 5623 elllcaciter
656 5567 788 5633 laborare,
804 5569 862 5624 site
877 5584 944 5638 prm-

157 5659 271 5716 dicandu
286 5660 409 5728 uerbum,
423 5674 470 5718 seu
494 5661 607 5719 domiuo
621 5661 794 5733 supplicando
808 5673 904 5734 potest,
921 5661 945 5718 si

991 4839 1115 4892 instantia
1139 4845 1277 4907 torpeaut;
1301 4839 1380 4893 tibias
1402 4847 1430 4894 et
1452 4843 1548 4909 pedes,
1570 4859 1606 4900 nc
1625 4846 1663 4900 ad
1686 4848 1781 4907 malua

992 4936 1110 4982 currant.
1127 4926 1253 4982 induatur
1266 4943 1330 4997 ergo
1343 4930 1467 4986 sacerdos
1483 4933 1571 5001 primo
1593 4935 1666 4992 linea
1680 4941 1781 5011 stricta,

993 5031 1022 5073 ιι
1035 5032 1060 5074 ιι
1075 5034 1172 5089 corpus
1187 5020 1221 5075 ab
1234 5019 1330 5090 iniquis
1345 5023 1479 5091 operibus,
1491 5036 1517 5080 et
1529 5040 1544 5079 a
1561 5030 1655 5095 pruris
1669 5046 1784 5090 ruentes·

993 5112 1195 5180 cogitationibus
1207 5121 1368 5180 cuutpeseat.
1383 5113 1502 5183 Accipiat
1515 5115 1618 5174 detrude
1634 5121 1785 5193 byacintbi·

994 5216 1072 5266 narrt,
1100 5211 1128 5256 ιι
1153 5211 1211 5268 post
1233 5201 1429 5258 districtionem
1451 5205 1629 5263 continentiae
1652 5212 1786 5279 salutar'u,

994 5309 1070 5363 aque
1089 5308 1186 5362 corpus
1205 5303 1232 5348 ct
1249 5293 1368 5349 animum
1387 5295 1566 5363 spiritualium
1587 5298 1724 5361 uirtutum
1742 5304 1786 5362 ha·

996 5384 1051 5438 bitu
1067 5393 1200 5439 venustet.
1218 5382 1316 5438 teron
1330 5384 1392 5452 quia
1405 5399 1502 5441 seusus
1515 5389 1639 5461 quiaque
1653 5405 1718 5450 sunt
1730 5410 1787 5453 tar·

997 5479 1077 5546 puris,
1103 5478 1185 5540 visus,
1209 5487 1318 5547 gustus,
1342 5476 1466 5545 ollactus,
1489 5480 1612 5551 auditus,
1636 5496 1667 5541 ct
1687 5497 1787 5553 tactam

996 5585 1106 5637 «purorum
1128 5571 1204 5636 primi
1220 5578 1334 5639 quatuor
1354 5571 1462 5641 proprie
1475 5572 1590 5641 capitia,
1615 5575 1729 5635 ultianus
1742 5582 1788 5638 tuti

996 5669 1037 5715 est
1055 5661 1159 5730 corpori
1180 5659 1343 5727 eumruuuis;
1366 5662 1454 5719 tunica
1475 5662 1551 5730 bac.
1571 5680 1658 5734 ιιιιι
1676 5669 1789 5728 dixtaax
