3794 6120
54 275 112 335 wi
467 273 501 333 ltl
520 267 801 332 lnnrrltsncnmt
821 265 1071 326 constentino.
1096 300 1128 313 -
1148 271 1300 330 Genesis.
1644 278 1696 334 20¹2

55 388 356 457 natumiuniores
369 388 408 446 sit
420 396 525 462 posteo,
540 386 572 444 lit
585 387 662 444 llurit
682 386 753 442 noos
766 384 853 441 nonsi-
868 391 892 448 Α
908 392 996 440 sutem
1011 385 1148 454 sequitur,
1174 384 1320 440 flosculum
1338 396 1363 441 et
1388 388 1509 459 [corisum
1530 391 1591 460 [seir
1616 391 1697 462 Dent,

54 480 244 537 mundalium
258 489 349 548 terro,
361 494 460 551 corpur
472 492 533 536 sos
543 478 635 535 lictum
649 497 656 532 ε
670 493 720 534 nec
729 476 852 534 stronde·
905 476 1082 543 spirituulitcr
1097 477 1124 530 ln
1139 476 1258 532 Ecclesia
1269 484 1299 532 et
1308 476 1467 535 obedientes
1480 481 1609 548 ostorrtlit,
1622 482 1693 551 euml

55 581 131 638 root,
148 571 298 627 masculum
324 579 353 626 et
376 569 502 626 lominum
529 581 583 624 rmn
610 568 660 623 nisi
685 582 731 637 por
757 579 854 637 corpus
905 571 1035 639 sequitur,
1049 567 1428 640 Cresciteetrnnltiplirumini,
1444 575 1501 631 sire
1516 575 1625 646 linguis,
1639 579 1697 634 siro

56 666 116 717 neri
135 663 270 731 putuisse.
285 660 427 730 Quomodo
441 669 531 715 sutem
541 657 721 715 communiter
739 673 856 727 sreepe·
908 662 934 715 iu
950 661 1133 730 spiritualibus
1147 662 1333 734 intelligentiae
1347 668 1482 736 madibus,
1506 677 1536 723 ot
1557 671 1700 728 domimo·

56 754 194 809 rltlroruo
219 769 283 809 euru
311 753 373 808 aliis
397 751 589 819 animanlibus,
612 752 703 807 omnis
729 753 809 807 arbor
829 763 857 806 et
907 761 950 806 tm
963 752 1076 807 rationis
1089 753 1226 809 intellectu
1242 758 1362 811 omnium
1381 761 1527 815 carrroiium
1556 763 1697 830 perturba·

56 844 321 915 lructuslignornur,
338 859 400 898 curn
421 852 485 899 rote
500 854 637 912 mentum
662 843 697 896 sit
724 843 782 912 ipse
807 843 857 896 im·
908 843 1126 899 tionumomnis
1140 854 1228 900 autem
1245 845 1339 912 herba,
1360 857 1390 903 et
1411 862 1491 906 omne
1507 853 1606 923 lignum
1626 855 1697 925 ourrrl

56 939 194 1002 mortalis,
211 936 322 991 tliillcile
335 946 377 991 est
390 935 493 991 dicere.
511 935 576 989 Nam
592 934 663 1004 quod
677 935 779 989 tiletum
803 941 855 1001 est,
908 938 986 993 datur
999 940 1025 994 in
1039 954 1128 996 escam
1143 941 1309 1008 isominilsus,
1324 942 1417 1000 noctes
1438 955 1511 1010 sont,
1527 949 1561 1005 de
1584 949 1698 1003 oblatio·

40 1027 207 1082 *crescitur
221 1026 608 1096 multiplicamini,otranqoam
636 1035 733 1094 prater
758 1039 853 1080 concu·
908 1029 986 1085 rsibus
1000 1030 1057 1085 suis
1069 1033 1309 1089 communicantes.
1335 1035 1410 1092 Unde
1434 1047 1461 1093 et
1484 1038 1629 1108 Apostolus
1648 1043 1697 1107 air,

57 1118 146 1172 iritum
162 1117 287 1172 maritet
311 1116 418 1172 leuitt-a
447 1133 500 1171 nuo
528 1131 607 1186 posse
633 1117 690 1170 lieri
717 1116 855 1181 rideatur,
908 1120 939 1179 si
958 1139 1003 1178 uos
1022 1126 1253 1196 uolisrpirinrnlio
1275 1129 1473 1196 nominationum
1502 1143 1529 1188 ut
1554 1133 1612 1190 noro
1635 1142 1700 1192 suut

56 1220 148 1280 potest
163 1221 255 1265 tamen
269 1210 323 1264 nisi
340 1212 420 1265 alium
432 1209 539 1265 rrrorlnm
555 1226 615 1268 esso
626 1211 744 1279 potuisse
759 1209 785 1263 in
796 1223 857 1263 cor·
907 1212 1136 1285 interiturarum.
1150 1217 1219 1272 [lixit
1235 1219 1316 1288 Deus,
1346 1220 1487 1278 Frriurrns
1507 1223 1646 1295 bominem,
1670 1238 1699 1286 et

57 1303 170 1373 porinus
185 1301 392 1367 iruumrtalilms,
408 1309 438 1355 ut
455 1301 514 1355 solo
526 1300 576 1370 piu
597 1301 736 1355 clrarirutis
758 1298 856 1353 ansero
907 1305 1022 1376 reliqna.
1038 1305 1405 1375 Consonuerrtersecnorium
1417 1312 1462 1366 illa
1487 1329 1548 1384 otrus
1573 1314 1701 1386 superius

59 1399 108 1454 ulii
121 1406 308 1462 monerentur,
321 1407 373 1451 trec
392 1395 505 1451 mortuis
520 1394 674 1465 parentibus
691 1391 854 1461 surucossuri,
909 1397 1099 1467 exposuimus,
1113 1400 1192 1455 talem
1218 1401 1355 1458 lrornioem
1376 1405 1483 1473 qualern
1508 1407 1700 1478 descripsimus

58 1491 177 1560 nsipsi
192 1489 327 1551 morituri,
342 1487 427 1542 dorrec
437 1488 562 1542 urrirersa
575 1497 646 1541 terre
657 1483 855 1540 immortalibus
906 1492 961 1546 ruit
974 1491 1150 1562 principatum
1173 1506 1268 1565 perere
1292 1497 1480 1566 predictarum
1506 1500 1650 1557 hostiorum
1671 1512 1701 1556 or

59 1581 217 1637 oomtuinur
231 1579 404 1648 impteretur.
417 1577 547 1633 Cibotum
562 1586 652 1633 tamer
679 1576 855 1646 indigentiam
906 1581 1044 1639 rrrlucrum
1060 1594 1088 1639 et
1102 1585 1280 1656 reliquarum,
1296 1589 1410 1659 qrroliter
1436 1590 1547 1661 intelligi
1571 1590 1698 1658 debeant,

58 1675 150 1732 uuilur
161 1672 274 1729 surisnis
288 1673 381 1728 dicere
394 1686 457 1727 esse
472 1685 561 1740 posse,
589 1670 640 1725 nisi
655 1669 682 1722 in
698 1666 855 1722 ruortrlilms
906 1672 1118 1742 perallegoriam
1133 1676 1319 1745 exposuimus,
1336 1693 1397 1733 unm
1412 1678 1531 1735 diximus
1545 1696 1640 1752 aquam
1661 1684 1700 1752 iu·
1759 1740 1761 1746 ,

57 1768 230 1839 corporibus
245 1765 322 1834 nouo
333 1764 409 1831 dicit,
423 1763 454 1817 El
466 1763 505 1816 sir
517 1770 553 1816 est
567 1764 674 1831 foetum,
685 1757 854 1814 etcslsmlas
869 1736 893 1798 B
906 1763 976 1829 neri,
990 1765 1015 1818 id
1026 1775 1076 1831 est,
1090 1775 1207 1822 merrtem
1221 1768 1294 1824 lilios
1305 1783 1415 1825 sensnm
1431 1771 1590 1840 producere,
1608 1782 1636 1827 nt
1650 1774 1699 1827 riu·

58 1861 159 1915 uerna
183 1860 212 1914 io
225 1870 315 1913 acum
343 1854 497 1910 lroutirrilms
516 1863 544 1909 et
565 1851 728 1908 animalibus
754 1847 853 1912 illlum·
906 1859 1090 1927 nnnetsrillis,
1102 1870 1130 1916 et
1144 1875 1196 1915 non
1211 1862 1440 1920 illudominentur
1456 1866 1493 1921 si.
1515 1864 1662 1922 flosculum
1674 1878 1699 1922 et

58 1951 132 2024 quod
141 1950 177 2005 alr
190 1950 238 2005 illo
251 1949 311 2004 loeo
324 1948 497 2004 inchoarent
507 1944 553 2000 uiri
565 1946 613 2013 rit,
626 1941 692 1998 soce
706 1942 766 1996 ueni
774 1941 854 2006 tobit,
906 1950 1027 2020 taurinum
1038 1953 1097 2023 fecit
1110 1952 1178 2007 illos.
1195 1952 1283 2009 llorno
1298 1956 1409 2012 interior
1419 1970 1452 2013 er
1462 1957 1557 2028 spiritu
1572 1968 1599 2015 et
1610 1961 1699 2018 anima

58 2051 86 2098 ἃ
100 2039 217 2111 mittin·
232 2037 310 2107 0⁸⁰¹!
322 2051 378 2093 ⁰⁰¹¹
392 2036 528 2108 ‘illumin
544 2034 578 2090 ‘¹0
599 2033 708 2088 ¹²⁰¹¹¹i¹¹0
727 2031 802 2098 (ficio
819 2028 854 2084 Ε(
905 2050 1021 2096 constat.
1033 2042 1149 2111 Spiritus
1160 2045 1296 2100 masculus
1307 2045 1415 2111 (licitur,
1429 2048 1525 2104 lemiua
1539 2061 1624 2118 potest
1637 2054 1698 2109 stri·

58 2133 358 2204 st'dr'tlktttnwdwl
375 2128 539 2196 multitud
564 2135 626 2196 Ρθὸῑ
648 2123 784 2182 Ιὶῡωῑΰθῐΰ
813 2122 853 2177 ¹⁸·
905 2137 1118 2205 mruuompari.
1136 2136 1544 2197 llecsiconcnrdiamlnterse
1571 2145 1696 2212 lrrlreant,

57 2241 132 2284 otum
146 2227 241 2281 nauus
269 2223 310 2279 illi
326 2231 485 2295 potestatem
504 2220 547 2275 rel
572 2217 740 2283 dominandi,
762 2213 855 2270 sutrio·
905 2235 1017 2295 possum
1032 2240 1163 2296 genam
1177 2227 1246 2283 piros
1260 2244 1356 2284 ,emus
1378 2230 1464 2286 pm„
1478 2239 1505 2287 ο.
1533 2234 1624 2300 „pr
1649 2252 1697 2303 βω,

58 2318 119 2376 tulit
131 2318 166 2374 de
179 2317 318 2383 omnious,
339 2314 374 2369 Et
394 2315 458 2368 sitiit
485 2312 554 2367 Deus
567 2315 652 2366 omniu
666 2325 723 2378 qno
736 2309 807 2377 fecit,
830 2315 855 2361 rt
905 2328 972 2387 quos
987 2316 1116 2386 impleant
1129 2327 1239 2383 terram,
1251 2333 1361 2374 murnum
1376 2320 1490 2375 seilicet.
1510 2321 1586 2388 ernri
1606 2333 1695 2379 autom

57 2409 193 2467 streton
202 2409 287 2462 suile.
299 2407 396 2462 llorito
409 2405 540 2476 quaeritnr
558 2420 591 2457 sn
620 2404 680 2473 quia
705 2402 855 2472 proscissis
903 2409 1035 2478 sequitur,
1052 2407 1188 2462 Ecceriedi
1201 2409 1270 2464 uobis
1290 2426 1364 2466 ontne
1380 2411 1483 2480 fenum,
1507 2414 1541 2468 ile
1559 2415 1698 2472 aiiecnlros

59 2502 131 2558 mo
141 2501 280 2555 hominem
293 2506 475 2568 peccatorum,
487 2511 541 2551 non
553 2494 719 2566 singiliatim,
731 2492 777 2548 sed
792 2507 853 2548 curn
902 2501 1057 2557 carnatibus
1072 2502 1183 2572 intelligi
1199 2512 1298 2572 potest,
1315 2502 1395 2559 verni
1410 2508 1493 2575 gmina
1512 2526 1518 2562 :
1535 2509 1562 2562 sp
1587 2511 1692 2567 impu.

56 2590 372 2658 comminuerentur
387 2590 478 2645 dicero
493 2591 605 2656 bortum,
631 2590 704 2642 solut
727 2586 853 2640 itttirrrrrns
905 2596 948 2649 nis
962 2595 994 2649 sd
1011 2594 1210 2665 correptionem
1224 2605 1341 2662 uramur,
1356 2614 1416 2668 qim
1429 2599 1506 2656 nobis
1516 2617 1577 2658 pum
1592 2606 1697 2658 emporis

59 2688 212 2759 quinaret
230 2686 346 2740 toruior.
374 2683 503 2739 nioonmr
526 2692 617 2737 aurem
643 2681 749 2752 singula
771 2682 852 2745 oona,
905 2687 1067 2743 animalibus
1083 2689 1235 2744 communis
1255 2697 1307 2757 est,
1334 2690 1465 2746 troconos
1490 2703 1568 2748 terrm
1596 2694 1697 2751 utilior

58 2778 186 2834 saitem
199 2790 265 2831 rere
276 2774 356 2829 valdo
371 2774 451 2838 11111111,
463 2773 561 2842 11111111
571 2786 681 2843 0⁰fi⁰⁸2
694 2780 722 2826 ⁶²
732 2770 855 2840 ⁰⁰¹itoris
908 2777 1052 2833 vescimur.
1068 2778 1125 2834 lloo
1139 2779 1209 2835 etde
1221 2781 1439 2849 corrooptscemta
1452 2789 1480 2838 et
1492 2783 1597 2838 soteris
1618 2787 1697 2839 rrroti·

58 2870 271 2927 muraenam
293 2869 397 2938 singula
413 2868 521 2938 puicirrs
547 2875 629 2922 suut:
655 2868 739 2921 multo
764 2872 853 2919 samm
905 2867 1077 2941 busintelligi
1095 2880 1189 2941 potest.

57 2962 159 3016 suutiu
179 2960 297 3016 uorsorsi
317 2959 440 3029 eorporis
464 2972 593 3030 compago
619 2954 783 3028 pulchriore.
800 2953 854 3012 Atti
1219 2961 1330 3018 cient
1351 2961 1381 3019 ll.

57 3067 122 3109 suro
136 3051 278 3122 iuqsnrtrut
304 3052 333 3105 iu
358 3051 454 3120 ouibus
477 3050 589 3105 interior
604 3049 685 3105 homo
708 3049 852 3121 imaginent
942 3053 1026 3126 lpitrrr
1040 3056 1144 3126 perfecti
1155 3065 1214 3110 sunt
1228 3056 1284 3110 roeli
1298 3065 1321 3111 ei
1343 3068 1422 3122 terro,
1442 3058 1588 3130 etreliqua
1613 3073 1696 3132 nsqns

56 3146 104 3203 osi
116 3157 147 3202 et
158 3145 361 3200 similituninem
373 3155 473 3210 tenear,
490 3144 516 3199 id
539 3154 592 3212 ast,
610 3144 802 3201 incolomitate
825 3153 853 3198 ct
905 3145 1093 3212 disiecturus
1111 3144 1214 3200 Deusnt
1228 3147 1334 3217 fuceret.
1350 3148 1476 3203 Seurrios
1496 3165 1622 3204 nrnnerus
1636 3166 1695 3220 per-

56 3235 238 3302 inmoritur,
262 3241 404 3293 oecuunurn
433 3238 586 3308 Oriperrem.
611 3234 765 3293 &euntium
786 3251 854 3292 sero
905 3235 1054 3304 sociasset,
1066 3237 1260 3307 quiapartilms
1274 3240 1331 3293 suis
1345 3240 1505 3311 completur.
1524 3242 1611 3298 ilnum
1624 3244 1694 3299 enirn

57 3327 232 3397 rostrum,
244 3342 290 3384 ser
303 3328 388 3384 modis
400 3329 481 3385 lrorno
493 3339 585 3384 noster
606 3329 719 3386 iuterim
732 3328 764 3383 ad
779 3328 854 3384 siuri-
904 3337 979 3384 serta
995 3343 1057 3399 pars
1073 3328 1154 3395 illins,
1170 3331 1222 3384 ilum
1233 3332 1320 3398 tortia,
1338 3333 1388 3386 trio
1412 3331 1541 3400 dimidia;
1557 3334 1580 3390 si
1601 3350 1694 3391 nume-

58 3420 199 3477 litodiuem
213 3420 261 3476 not
274 3419 362 3477 iustus
381 3430 433 3476 est.
458 3420 603 3476 immobilis
615 3422 698 3487 anim,
715 3419 795 3488 ultus,
811 3421 853 3475 iu·
905 3434 948 3475 ras
960 3433 1053 3488 arrum,
1066 3429 1094 3475 et
1109 3418 1173 3484 duo,
1186 3430 1213 3476 et
1228 3423 1290 3487 tria,
1305 3422 1477 3493 ipsorumma
1491 3439 1539 3481 ses
1563 3426 1636 3482 lacit
1653 3427 1697 3484 ln-

57 3512 180 3580 siunins,
194 3512 383 3583 incorporeus,
398 3512 516 3577 subtilis,
529 3522 658 3568 eternus.
671 3512 768 3567 cressit
783 3512 852 3567 Deus
904 3511 976 3566 circo
991 3512 1124 3581 perlectus
1136 3513 1245 3568 dicitnr.
1273 3515 1330 3570 Non
1353 3517 1426 3572 enim
1450 3518 1487 3573 ita
1501 3521 1607 3575 caeteris
1622 3519 1697 3578 iore·

58 3606 196 3669 lonium
214 3618 302 3672 nsque
327 3604 412 3658 illurn.
441 3605 470 3658 ln
498 3605 548 3658 lruo
574 3605 681 3674 quinem
703 3603 853 3660 oslsmlitur
905 3603 1024 3657 oiuutur.
1050 3602 1194 3672 Propterea
1222 3604 1247 3659 in
1272 3605 1323 3661 lroc
1347 3621 1461 3663 numero
1488 3608 1600 3678 perfecit
1626 3610 1696 3667 Deus

58 3696 127 3768 von
140 3698 240 3752 anima
250 3693 301 3752 riri
314 3696 473 3768 feminaque
487 3705 586 3751 urcatae
609 3708 687 3751 suut:
715 3708 743 3752 et
762 3697 788 3750 iu
802 3697 854 3752 lroc
904 3709 986 3764 opera
1001 3709 1060 3749 sua.
1073 3693 1128 3748 Neo
1143 3694 1284 3765 quispnam
1298 3695 1334 3750 ita
1347 3697 1459 3753 demens
1473 3708 1523 3762 est,
1541 3699 1584 3768 utri
1600 3699 1697 3754 audeat

60 3796 243 3857 pramreutor
258 3785 390 3854 turono,
415 3786 462 3857 oui
484 3788 525 3843 sic
548 3804 601 3843 non
623 3798 725 3859 putant.
752 3787 854 3844 lrlcirco
903 3784 995 3839 «licere
1009 3800 1061 3838 oon
1078 3786 1197 3854 potuisse
1213 3785 1296 3841 ileum
1316 3802 1368 3842 ooo
1381 3788 1425 3843 die
1438 3802 1533 3844 currina
1548 3790 1647 3859 locere,
1672 3794 1695 3848 si

59 3894 122 3936 sero
134 3879 223 3935 Adanu
234 3893 321 3949 usque
330 3877 364 3934 sd
378 3879 449 3936 tlieru
459 3889 567 3935 sertum
582 3895 635 3935 uon
650 3887 692 3934 est
712 3879 852 3944 formatus,
905 3876 979 3929 uelit.
991 3874 1066 3941 Quoi
1077 3883 1166 3928 autern
1178 3875 1253 3940 nisit,
1266 3873 1399 3945 nupserit
1415 3877 1482 3931 Deus
1490 3878 1533 3934 riis
1542 3879 1649 3951 septimo
1663 3882 1696 3935 olr

58 3975 117 4044 usis
132 3975 223 4028 dones
237 3975 436 4029 omnirersert
449 3984 551 4041 ursam,
577 3989 723 4045 congruum
743 3973 793 4028 luit
819 3973 853 4028 il·
904 3969 1019 4024 arruntius
1031 3966 1224 4037 operilsrruis,
1236 3968 1299 4038 quid
1322 3968 1393 4024 aliod
1409 3969 1555 4042 tiguillers,
1581 3973 1632 4026 nisi
1656 3989 1697 4028 rc·

60 4065 174 4121 hruoou
185 4063 312 4132 locuturi,
322 4065 435 4135 etqussi
444 4064 481 4120 itti
492 4080 539 4120 sur
554 4062 652 4120 domus
661 4075 734 4121 osset
748 4072 851 4134 parata.
904 4061 993 4133 quiem
1007 4071 1142 4124 sanctum,
1157 4076 1237 4128 quam
1250 4061 1328 4117 nobis
1342 4061 1453 4118 rlsturus
1466 4071 1508 4118 est
1519 4063 1553 4118 als
1567 4064 1694 4134 operibns

59 4155 240 4229 spiritualiter
254 4170 320 4212 roro
336 4169 384 4227 por
405 4165 505 4212 terrum
532 4155 679 4211 iccio-iam
702 4157 853 4227 siprillcare
905 4153 1016 4220 uostris,
1030 4153 1052 4208 si
1067 4153 1168 4209 bonurn
1184 4152 1347 4209 fecerimusl
1366 4153 1519 4211 Seurrnnum
1534 4155 1613 4210 istam
1628 4158 1695 4226 ligu-

61 4254 164 4318 iisitur,
178 4250 456 4321 utsupcriostlictom
469 4258 524 4306 est.
546 4249 598 4306 Per
618 4249 738 4319 jumenta
761 4261 851 4304 antem
906 4266 962 4307 ram
978 4248 1122 4307 locutionis
1147 4249 1212 4305 dicit
1227 4248 1371 4319 Apostolus
1391 4267 1398 4303 τ
1424 4247 1486 4317 lpse
1498 4252 1565 4304 mim
1582 4251 1696 4321 Spiritus

61 4345 422 4417 popolorlurlaicns,otper
435 4345 540 4416 reptilia
553 4344 673 4414 gentilis.
697 4344 749 4399 Per
766 4345 853 4414 pisces
904 4341 1524 4415 postulurprunolisprmitiiusinerrorrulriliinr.
1544 4339 1602 4397 Non
1622 4342 1696 4397 enirn

61 4453 122 4495 suro
133 4437 258 4495 hennei
279 4447 306 4493 et
322 4436 474 4508 philosophi
487 4437 640 4498 seculares,
653 4435 749 4502 ottilms
771 4436 853 4490 iouro
865 4453 892 4516 ῃ
905 4435 1021 4503 Spiritus
1048 4443 1157 4489 salustus
1181 4433 1274 4504 gemit,
1291 4434 1339 4489 seul
1366 4433 1594 4505 ipsenusgemere
1620 4434 1694 4489 lacit.

61 4541 166 4598 pressi,
183 4530 211 4583 in
225 4536 271 4584 est
281 4527 418 4583 christus.
434 4527 520 4583 Aliter
530 4527 553 4582 si
570 4527 596 4582 in
612 4527 709 4580 ironam
736 4535 851 4596 partem,
907 4525 1092 4582 l‘rormmiasit
1107 4535 1197 4580 autom
1224 4527 1305 4590 Deus,
1323 4525 1495 4596 requiescens
1518 4526 1552 4582 alr
1571 4528 1697 4582 onrurlms

61 4636 106 4690 per
119 4622 210 4692 pisces
223 4621 288 4678 boni
300 4621 427 4679 doctores
443 4639 450 4675 ε
469 4636 517 4694 per
529 4621 648 4676 volatilia
674 4624 758 4676 samon
775 4621 853 4676 intel·
905 4620 1034 4691 operibus
1044 4620 1099 4675 ruis
1113 4621 1228 4690 septimo
1240 4620 1293 4685 dic,
1311 4619 1385 4675 illum
1400 4621 1470 4676 diem
1482 4635 1535 4693 quo
1548 4630 1608 4676 erat
1620 4622 1698 4675 illiri-

62 4714 188 4783 l'quotsr,
199 4715 299 4785 quibus
311 4715 465 4770 dominetur
480 4714 562 4770 homo
575 4712 700 4770 cnrtsms
716 4722 745 4769 et
759 4712 854 4769 Eccle-
904 4724 963 4769 stus
974 4714 1000 4769 iu
1012 4713 1151 4782 sepultura
1162 4712 1314 4783 quieturus.
1327 4712 1387 4784 lpse
1408 4714 1505 4785 quippe
1526 4713 1570 4770 rlie
1591 4715 1697 4768 sanitari

60 4806 119 4871 sis3
131 4817 213 4862 orest
225 4806 282 4871 lric,
295 4805 481 4873 orruisrrsisi,
496 4813 525 4862 et
537 4806 651 4876 reliqua.
676 4806 703 4859 lu
716 4820 750 4861 eo
764 4813 853 4860 autern
905 4807 1036 4877 reputent
1051 4806 1227 4872 ipsensium,
1252 4816 1394 4878 postquam
1405 4817 1481 4864 serta
1505 4805 1549 4862 tllo
1566 4820 1694 4860 consoro-

59 4900 128 4968 μή
138 4898 325 4963 uicinorum
337 4898 452 4965 nolum,
463 4897 732 4970 significetpopulum
747 4896 854 4954 tomm-
905 4900 989 4954 ruarit
1002 4913 1082 4968 opera
1094 4912 1153 4953 sna.
1177 4898 1251 4965 Quod
1267 4906 1355 4953 alutem
1373 4898 1400 4955 iu
1423 4896 1569 4965 Erurrflelio
1583 4895 1695 4960 dieitur,

60 5004 117 5046 tuus
126 4992 248 5048 Mum
259 5008 322 5048 esse
336 4993 467 5063 apostulis
491 4995 518 5048 iu
544 4994 635 5064 iudeus,
661 5003 689 5049 st
711 5006 759 5065 per
782 4997 852 5065 ligna
905 4989 984 5046 suro
996 5005 1066 5044 mess
1080 5004 1158 5058 orpus
1176 4991 1253 5044 moso
1273 5001 1404 5062 operetur,
1419 4997 1443 5044 et
1461 5003 1507 5059 eqo
1520 5001 1627 5060 operor,
1641 5000 1695 5039 nou

59 5085 183 5158 pentilus.
192 5084 378 5156 spiritualiter
396 5095 484 5142 rutero
502 5086 565 5143 leun
586 5086 656 5143 Dour
670 5089 805 5145 hominnm
819 5090 852 5144 ol
904 5095 947 5141 ost
960 5084 1123 5140 eontrarium
1139 5081 1202 5138 lruio
1217 5084 1287 5152 loco,
1303 5083 1330 5139 in
1346 5097 1399 5153 quo
1416 5082 1486 5138 ileos
1511 5080 1546 5136 as
1569 5078 1695 5135 omnibns

60 5176 200 5250 borisen
213 5193 304 5244 surm,
319 5175 467 5249 perlectum
487 5182 590 5239 scilicet
606 5181 704 5249 uirum,
727 5182 773 5254 qui
799 5199 853 5238 oon
904 5178 1068 5248 requievisse
1081 5176 1188 5232 dicitnr.
1203 5174 1341 5245 lioouiouit
1355 5174 1427 5232 enisu
1440 5173 1509 5229 Deus
1520 5187 1535 5226 s
1546 5168 1695 5227 carnerunt

62 5270 206 5340 mutiles
217 5282 390 5340 nocturum,
404 5275 451 5328 seu
465 5273 551 5344 ipsam
567 5276 706 5331 ueritatem
723 5275 853 5331 iruiraolo
904 5273 1048 5343 piperinus
1062 5281 1204 5336 creatura,
1222 5269 1284 5340 onia
1299 5269 1368 5325 ultra
1378 5268 1433 5338 jara
1444 5280 1496 5321 oon
1509 5262 1630 5321 orrrnirllt
1640 5261 1692 5318 ulia

60 5376 186 5433 mour
193 5363 339 5435 iustitium.
355 5365 454 5421 rasos
467 5367 540 5421 esim
556 5380 606 5438 pro
623 5366 702 5423 nolis
715 5364 851 5434 citrinos,
903 5385 1001 5442 rouen
1015 5385 1095 5427 nors.
1112 5369 1243 5440 Deinceps
1257 5378 1346 5423 rursm
1363 5379 1435 5424 nuuc
1448 5378 1533 5436 usque
1555 5361 1695 5447 adultiora

59 5455 164 5527 rdiqmt
174 5457 254 5512 uulsis
266 5457 422 5527 exemptum
438 5466 466 5513 ut
485 5471 630 5530 sennarum
656 5457 767 5529 rastiplu
780 5459 851 5530 ejus.
902 5474 1033 5536 operatur
1045 5463 1202 5518 eorumdem
1215 5474 1344 5532 penorurs
1358 5458 1619 5517 admisistrutinneor
1634 5468 1694 5526 auur

60 5548 207 5619 lpseetiars
222 5550 329 5619 accepit
344 5558 504 5620 potestatem
519 5551 631 5622 piscium
646 5559 676 5606 et
687 5551 852 5619 volatilium,
904 5550 1097 5608 turcinsrltuta
1123 5557 1196 5605 suot.
1224 5547 1342 5618 terpora
1369 5545 1624 5629 oportunitatis
1642 5541 1696 5602 disi

57 5642 215 5698 stumoiuru
224 5642 422 5710 iumentorum,
435 5643 499 5712 nois
510 5643 659 5714 spiritualis
671 5644 756 5701 homo
779 5644 850 5713 dijo·
903 5654 955 5710 est,
971 5656 1050 5699 mune
1061 5640 1166 5696 isitium
1182 5639 1339 5711 senuerim
1353 5637 1488 5697 siminus
1510 5652 1565 5694 uon
1580 5652 1696 5709 semron·

60 5736 127 5793 nest
138 5735 245 5800 numa,
264 5734 324 5803 ipsu
347 5742 437 5790 solem
452 5735 587 5793 anemius
611 5737 756 5809 lurlieatm.
772 5739 847 5808 erorl
904 5737 1073 5808 titulentur
1088 5733 1327 5807 pracenconrest.
1344 5729 1379 5789 er
1392 5730 1455 5791 indo
1465 5739 1543 5789 tosto
1556 5729 1601 5788 nio
1621 5745 1692 5785 conr

219 5829 360 5893 rursm.
380 5826 461 5890 ilci.
1419 5826 1439 5885 t
