3794 6120
126 300 192 359 ltot

156 416 231 467 bisce
243 425 269 467 et
280 419 421 466 odorantem
433 416 534 466 stabulis
549 417 687 466 accendere
698 416 809 476 cedrum,

156 478 314 540 Galbansque
327 480 421 540 agttare
432 491 519 540 mares
529 479 613 529 niclore
624 476 754 530 clralindros
766 489 772 524 :

411 303 444 360 tlt
462 305 606 362 cantica
628 298 853 362 cauttcotttld
873 297 1093 358 uttndoutcll
1115 296 1309 357 exeosttto.
1324 330 1357 343 -
1369 303 1433 362 titt.
1453 303 1483 358 lt.
1683 303 1751 360 tto]

926 410 1030 472 Ainter
1042 408 1121 478 filias,
1135 409 1195 480 quia
1210 425 1263 465 nou
1277 411 1364 466 solum
1378 412 1490 469 adversa
1505 412 1556 481 pati
1572 413 1654 469 babes
1666 416 1699 469 alv
1711 416 1752 470 bis

965 503 1010 572 qui
1026 516 1040 555 a
1055 512 1081 556 te
1094 511 1157 557 suut
1174 510 1202 557 et
1215 513 1304 558 mente
1315 513 1343 559 et
1358 503 1524 573 professione
1538 505 1692 562 ouvnimodo
1705 523 1752 563 ea·

124 593 245 664 ‘illldssm
261 592 430 662 laquearibus
443 592 525 655 ³¹¹3·
540 591 566 645 ill
587 602 647 656 0³¹.
668 588 827 645 docldliblll
843 601 909 641 ⁰0¹¹·
968 593 1064 660 tranei,
1081 592 1128 648 sed
1145 593 1249 649 illarum
1263 609 1369 665 quoque
1382 596 1532 650 animarum
1545 597 1643 667 sepias
1654 597 1754 669 impro-

123 695 252 758 qrueuter
265 694 391 754 aptatvu,
414 685 460 755 qui
475 685 572 740 virtute
585 684 658 739 verbi
680 682 798 738 caelestis
821 681 911 736 solent
967 684 1050 741 bitate
1065 685 1154 740 aerios
1168 687 1368 756 compungeris,
1385 701 1450 756 quas
1466 701 1513 757 per
1528 686 1627 743 iontem
1645 702 1754 758 reperte-

124 785 258 832 concavata
273 775 457 830 hereticorum
473 776 597 846 dogmata
613 774 769 843 repellere,
786 786 915 842 eosquea
968 777 1099 842 ratiovair,
1120 792 1220 848 perque
1244 777 1323 834 lideru
1339 792 1371 834 ac
1385 780 1587 850 perceptionem
1603 796 1756 838 sacramen·

123 867 287 939 simplicium
301 865 457 923 seductione
467 866 570 935 lagare.
587 867 644 923 lloc
656 880 762 937 quoque
775 864 845 935 quod
857 865 916 934 ejus
969 877 1057 923 toruru
1079 867 1228 924 celestium
1252 870 1277 923 iu
1301 869 1413 925 lvliarovu
1441 880 1468 926 te
1489 886 1601 926 numero
1619 874 1757 945 accepisse

124 960 233 1026 resina,
248 972 308 1029 que
322 958 430 1013 cedrina
446 956 565 1024 dicitur,
588 959 614 1012 in
635 957 826 1013 conservandis
842 956 917 1012 tibris
968 959 1110 1028 gaudebas.
1124 957 1215 1014 Potest
1228 974 1293 1014 saue
1306 960 1332 1015 in
1345 975 1378 1016 eo
1390 960 1461 1030 quod
1472 961 1518 1029 ait,
1534 960 1589 1033 Epa
1599 963 1648 1030 pta
1661 965 1757 1031 cavuai,

125 1049 194 1105 adeo
208 1058 249 1104 cst
264 1048 346 1114 utilis,
364 1056 394 1103 ut
408 1047 525 1118 perliniti
541 1063 573 1102 ea
586 1064 635 1115 ee,
648 1063 697 1104 nee
713 1048 799 1102 tineas
816 1048 917 1109 patian-
969 1058 1060 1118 partus
1083 1047 1249 1103 intemerate
1266 1048 1381 1120 litenis
1400 1050 1523 1120 intelligi.
1542 1051 1633 1108 Potest
1652 1070 1716 1110 saure
1731 1055 1758 1110 iu

125 1147 189 1208 tur,
204 1154 254 1195 nee
268 1148 389 1208 tempore
407 1147 621 1206 consenescant,
646 1140 706 1211 quis
733 1154 786 1194 noa
807 1140 916 1207 videat,
968 1142 1085 1211 eoquod
1100 1142 1236 1209 subdidit,
1263 1141 1297 1196 Et
1319 1144 1403 1199 lilium
1422 1145 1598 1214 convadium,
1623 1146 1759 1203 taurrvilitas

124 1241 255 1304 quantam
269 1230 371 1287 eisdem
393 1231 613 1301 predicatoribus
631 1233 735 1288 sarrctis
754 1233 916 1299 conveniat,
969 1236 1124 1291 eorumdem
1141 1244 1280 1306 pareutum
1297 1236 1369 1291 illios
1384 1235 1578 1307 intelligiles
1593 1239 1693 1293 etevvivu
1709 1237 1759 1293 llos

126 1339 239 1394 qnorum
262 1337 342 1378 sensu
357 1324 488 1392 spirituaii
511 1323 649 1394 Scriptura
673 1333 767 1379 sartcta
792 1321 918 1381 conlecta
970 1326 997 1380 in
1013 1326 1104 1390 lrorto,
1118 1342 1171 1380 nou
1185 1325 1267 1393 ruris,
1278 1326 1325 1381 aed
1340 1327 1427 1396 campi
1437 1328 1571 1398 apparuit,
1583 1329 1628 1396 qui
1642 1327 1677 1385 de
1692 1330 1761 1385 inta-

127 1426 180 1481 cst,
194 1430 254 1484 quac
270 1414 341 1468 nulla
357 1414 543 1469 lucreticornm
561 1413 657 1469 astutia
671 1416 830 1482 corrumpi,
846 1413 918 1469 nulla
970 1427 1012 1472 cta
1027 1416 1144 1487 Virginis
1158 1417 1250 1473 matris
1264 1432 1364 1484 carne,
1380 1433 1489 1475 caruem
1503 1418 1606 1488 peceati
1620 1423 1759 1485 nesciant,

129 1513 216 1575 potest
227 1504 319 1558 secali
334 1502 446 1557 labentis
458 1514 538 1558 aetate
547 1505 683 1571 causumi;
700 1505 778 1573 adeo,
792 1513 822 1560 ot
832 1506 919 1562 douec
970 1520 997 1565 et
1006 1511 1106 1566 virtute
1115 1510 1294 1580 plenissimam
1305 1511 1467 1580 assumpslt;
1480 1511 1514 1564 de
1525 1524 1577 1579 quo
1589 1510 1656 1565 disit
1667 1511 1757 1575 isaias,

128 1602 266 1649 transeant
278 1595 375 1649 eaelum
391 1604 418 1649 et
434 1603 503 1649 terra
515 1636 523 1660 ,
539 1596 591 1649 icta
605 1612 683 1651 enum
705 1608 751 1653 navt
769 1614 836 1652 anua
850 1614 917 1670 apex
971 1600 1126 1674 Eqredietur
1138 1601 1210 1673 oirpa
1223 1601 1255 1656 de
1266 1602 1355 1657 radice
1365 1600 1450 1670 lesu,
1465 1611 1488 1656 et
1502 1601 1551 1671 dos
1565 1601 1692 1657 deradice
1705 1606 1762 1674 ejas

129 1703 181 1742 non
196 1696 326 1754 pretereat
340 1703 356 1738 a
370 1686 442 1756 leae,
463 1687 543 1741 donec
562 1689 647 1741 ouvvvia
667 1689 730 1758 pant
745 1687 853 1759 (llattb.
870 1690 919 1761 vll
971 1693 1089 1748 ascendet
1104 1690 1181 1760 (lsai.
1199 1695 1248 1763 ar).
1265 1692 1324 1762 lpse
1342 1691 1427 1746 lilioru
1443 1694 1469 1747 in
1485 1691 1650 1748 convallibus
1664 1694 1762 1763 perani·

129 1777 206 1847 Quod
219 1792 279 1832 cuvu
300 1779 394 1832 dixerit
411 1777 539 1833 bomivvus
557 1779 591 1834 tle
614 1780 693 1849 lege,
717 1792 817 1852 quanto
833 1773 917 1853 ruaqi's
934 1784 955 1844 Β
971 1784 1054 1848 navit,
1069 1785 1116 1854 qui
1134 1784 1241 1854 itvsupev
1257 1782 1373 1838 buvuiles
1385 1781 1437 1839 sibi
1453 1791 1577 1852 parentes
1592 1797 1762 1852 pauperes,c

128 1868 164 1924 de
180 1869 323 1938 Evangelio
337 1883 386 1922 suo
401 1868 603 1939 intelligendam
617 1870 749 1941 reliquit?
771 1873 921 1944 cypressus
971 1875 1066 1943 quibus
1080 1874 1153 1929 boras
1168 1875 1249 1928 ltomo
1265 1882 1431 1942 nasceretur,
1450 1873 1541 1944 elegit.
1558 1873 1635 1929 Unde
1654 1872 1719 1929 dicit
1731 1883 1763 1930 ct

130 1962 211 2015 etiam
225 1959 252 2013 in
267 1973 301 2013 eo
315 1958 385 2028 quod
411 1957 550 2013 medendis
564 1970 625 2029 apta
639 1969 680 2016 est
697 1976 839 2032 corporont
857 1979 921 2033 pas·
973 1966 1130 2032 Psalmisra,
1146 1962 1180 2018 Et
1194 1963 1322 2018 convalles
1336 1963 1501 2018 obuvvdatvuat
1515 1964 1642 2035 immenso
1661 1960 1761 2034 (l‘sal.

131 2050 261 2113 sionibus,
273 2050 342 2120 quod
354 2063 410 2103 sue
422 2056 590 2104 renustatem
601 2065 687 2107 conte
699 2053 772 2110 nollo
783 2067 920 2110 ventorum
972 2054 1064 2126 narr).
1078 2055 1138 2126 lpse
1151 2055 1225 2110 enim
1237 2054 1410 2120 lrutuentom,
1426 2052 1489 2124 quia
1503 2067 1552 2108 uns
1567 2068 1635 2124 poue
1648 2054 1710 2109 rite
1721 2067 1761 2109 re-

132 2142 248 2210 impalso
262 2140 391 2210 deponit,
415 2141 593 2194 eourstautiam
607 2145 754 2211 exprimit,
775 2159 923 2211 avarumque
974 2147 1048 2211 licit;
1066 2147 1123 2215 ipso
1139 2145 1224 2201 lilium
1240 2187 1248 2213 ,
1264 2145 1325 2215 qvvia
1340 2144 1412 2200 relut
1425 2146 1484 2200 auri
1499 2144 1629 2215 lnlqurem
1651 2143 1678 2199 iu
1692 2159 1762 2199 cau·

131 2239 263 2291 actionem
282 2236 327 2306 qui
343 2237 485 2294 altioribus
500 2239 627 2293 virtutum
642 2238 783 2293 ornatibus
802 2248 921 2292 sanctaut
972 2237 1037 2293 dore
1050 2237 1219 2292 divinitatem
1234 2235 1315 2291 babet
1326 2237 1351 2290 iu
1364 2237 1483 2293 nitrariae.
1496 2235 1530 2292 Et
1540 2235 1651 2307 polcbre
1665 2239 1691 2291 lu
1704 2236 1760 2291 lilio

133 2329 280 2384 Ecclesiam
304 2329 375 2384 velot
399 2330 534 2399 laquearia
560 2330 697 2385 decorant.
725 2328 834 2383 lliratur
858 2343 923 2399 erqo
973 2329 1048 2400 prins
1060 2342 1090 2384 se
1105 2329 1208 2384 candor
1221 2328 1339 2383 exterior
1353 2328 1477 2397 paulatim
1493 2328 1599 2396 aperit,
1614 2336 1642 2383 et
1655 2327 1695 2384 sic
1710 2328 1760 2385 de·

133 2434 249 2488 sponsa,
264 2419 289 2474 id
303 2428 359 2486 est,
376 2432 469 2477 sancta
488 2421 629 2487 Ecclesia,
650 2422 691 2477 rel
707 2421 796 2476 anima
811 2433 923 2491 qunque
974 2434 1045 2475 murra
1061 2416 1135 2472 aurei
1150 2415 1262 2481 eoloris,
1279 2431 1337 2486 qne
1352 2415 1453 2471 latebat
1466 2416 1560 2483 intus,
1582 2412 1667 2488 gratia
1684 2427 1760 2487 pate·

132 2509 234 2576 electa,
250 2511 341 2566 dilecti
356 2511 396 2565 soi
412 2512 634 2581 punlctrritodiueru
650 2529 658 2577 ;
679 2511 768 2567 levardat
783 2511 922 2566 mollitiem
972 2510 1044 2565 seit:
1068 2509 1129 2577 quia
1150 2515 1227 2564 natus
1246 2504 1273 2562 in
1289 2504 1391 2560 movrdo
1411 2504 1561 2574 boruiuus,
1589 2507 1662 2576 prius
1678 2506 1757 2562 ltorrra

132 2614 165 2658 ac
187 2602 343 2658 nruuditiavu
364 2603 452 2659 lectvrli
468 2603 613 2669 dorcntis3
639 2602 768 2674 predicat
791 2603 922 2658 internam
973 2599 1106 2665 sublimis,
1122 2598 1165 2654 bis
1180 2598 1225 2668 qui
1241 2597 1266 2653 iu
1278 2611 1339 2652 eura
1353 2608 1417 2653 rore
1431 2596 1588 2662 ercdcbuut;
1601 2598 1627 2652 at
1644 2607 1762 2666 temporo

133 2694 273 2751 domorum
286 2709 393 2748 suarum
407 2701 585 2759 venustatem,
599 2709 649 2760 qua
660 2693 788 2749 dilectum
798 2693 925 2749 decenter
974 2691 1145 2763 procedente,
1164 2689 1233 2745 bens
1248 2705 1309 2745 esse
1323 2704 1401 2745 verus
1417 2688 1545 2744 irvaotult.
1560 2679 1614 2744 Sed
1630 2699 1658 2744 et
1671 2706 1765 2746 ornnes

132 2787 257 2856 excipiat.
282 2784 335 2842 Sed
357 2786 420 2855 quia
439 2786 581 2856 presentis
606 2785 736 2855 temporis
750 2785 833 2839 sertui
849 2785 924 2840 labor
973 2781 1052 2837 electi
1066 2797 1114 2852 per
1128 2789 1253 2851 suscepta
1267 2780 1441 2835 bumauitat's
1462 2779 1521 2850 ejus
1541 2793 1708 2838 sacramenta
1728 2783 1764 2838 att

132 2878 245 2946 amplius
258 2893 337 2948 quam
353 2879 458 2947 requies
472 2879 608 2944 convenit,
622 2888 649 2933 et
660 2878 749 2947 potius
765 2877 791 2931 in
806 2878 857 2934 luae
869 2877 924 2933 rita
975 2874 1230 2945 contemplationem
1260 2875 1374 2929 tendvvnt
1402 2874 1501 2929 divinae
1527 2872 1668 2930 claritatis.
1696 2874 1763 2932 Cum

132 2969 231 3034 electi,
249 2967 354 3022 Cluisto
368 2967 534 3036 ausiliante,
555 2968 608 3036 piis
622 2973 785 3022 exercentur
797 2967 923 3033 actibus,
974 2982 1038 3038 ergo
1058 2966 1164 3037 fatigata
1185 2965 1302 3021 Ecclesia
1324 2965 1468 3029 adversis,
1493 2963 1605 3021 dixisset
1629 2964 1764 3032 bantra,

132 3072 212 3129 quarn
227 3060 317 3128 quieto
332 3056 456 3113 lrurrntur
466 3059 531 3127 otio,
547 3073 674 3128 sponsam
689 3058 721 3112 ad
739 3059 858 3113 loliorum
874 3072 923 3114 et·
975 3056 1042 3114 Ecce
1056 3066 1084 3112 tu
1097 3057 1201 3128 patena·
1211 3057 1346 3123 aedilem
1359 3057 1402 3122 vui,
1419 3067 1442 3111 et
1454 3056 1579 3124 decoras,·
1593 3059 1701 3114 lectulus
1715 3076 1763 3114 aa·

132 3151 246 3217 ercitia,
261 3161 287 3206 et
300 3149 436 3206 toleranda
458 3165 601 3222 pravorum
622 3152 759 3207 consumta
777 3159 920 3221 prorocat,
936 3138 960 3203 C
975 3158 1027 3204 ater
1046 3149 1177 3219 paratas,
1196 3158 1224 3203 et
1237 3156 1335 3202 caetera
1350 3163 1409 3217 quae
1424 3157 1571 3218 sequuntur
1583 3189 1591 3217 ,
1605 3149 1764 3206 desiderans

131 3240 278 3312 subiiciens
295 3256 303 3298 a
976 3245 1102 3300 airrriroru
1119 3244 1146 3298 iu
1161 3243 1308 3300 serenitate
1324 3253 1474 3311 terrrpornm
1494 3242 1712 3314 contemplandae
1725 3247 1763 3300 si·

444 3329 556 3388 Cdl‘b'l
581 3329 613 3386 ll.
974 3334 1035 3393 dero
1050 3331 1242 3406 pulcluitodiui
1255 3347 1286 3388 ao
1301 3331 1391 3387 decori
1403 3345 1511 3403 operam
1522 3332 1598 3401 dare,
1608 3334 1671 3391 etei
1684 3332 1764 3391 dores

170 3422 214 3478 Π·
231 3422 287 3493 Ειθ
300 3424 349 3493 1¹⁰⁸
363 3422 456 3490 ‘imile
472 3432 495 3476 *ί
509 3420 594 3476 stillim
607 3422 782 3485 wiltuim.
800 3432 853 3476 etc.
872 3420 924 3477 lle·
975 3425 1017 3483 rel
1032 3427 1162 3482 bonorum
1179 3437 1291 3493 operum
1309 3421 1352 3477 rel
1366 3422 1517 3476 ratimarum
1539 3437 1680 3491 procreare
1695 3422 1763 3479 lide·

134 3515 241 3573 lectoris
255 3514 382 3585 quidem,
400 3527 417 3568 o
431 3510 537 3579 amica,
556 3511 668 3568 secretis
681 3511 707 3566 in
723 3511 812 3581 quiete
826 3510 924 3566 boreae
975 3522 1038 3576 tium
1052 3560 1061 3587 ,
1078 3517 1216 3588 respondit
1233 3516 1310 3586 ipae,
1328 3514 1384 3585 Epa
1399 3513 1553 3586 percepi,
1568 3523 1593 3569 ev
1605 3515 1689 3569 titiam
1703 3530 1765 3571 can·

134 3605 293 3671 attribuat
307 3605 354 3659 aaa
374 3611 508 3659 nemean
528 3602 598 3672 quoa
620 3616 670 3672 ero
684 3616 743 3655 aun
768 3599 817 3655 tos
836 3601 922 3655 virtu·
973 3610 1089 3665 salttum.
1106 3606 1274 3663 scenitarum
1289 3604 1469 3675 sareptana,
1485 3604 1763 3661 casanatensem

133 3711 201 3767 tom,
215 3715 229 3753 a
243 3714 295 3769 quo
309 3697 368 3752 solo
381 3697 470 3750 orunis
485 3695 597 3765 spiritus
612 3693 715 3749 tructus
728 3693 841 3758 oriatur,
858 3701 885 3745 et
898 3693 923 3745 in
974 3700 1043 3770 ptiar
1057 3741 1064 3765 ‚
1087 3712 1120 3754 ac
1133 3698 1157 3753 si
1170 3706 1263 3767 aperte
1275 3696 1347 3750 dicat
1367 3713 1373 3748 ι
1387 3695 1540 3750 ltecordare
1553 3695 1625 3765 quoq
1641 3695 1699 3764 1950
1713 3697 1759 3767 quq

132 3807 187 3863 quo
200 3793 259 3845 soto
278 3787 398 3844 doridana
415 3785 513 3842 babere
531 3785 650 3856 requiem
666 3784 766 3838 valeas.
783 3782 847 3836 Flos
863 3796 922 3835 suru
974 3788 1009 3844 dn
1025 3787 1133 3857 virgins
1148 3786 1220 3841 nasci
1237 3785 1307 3854 parui
1323 3824 1331 3847 ,
1351 3781 1395 3853 qui
1412 3782 1482 3839 licus
1495 3796 1554 3836 svanr
1568 3791 1630 3838 aute
1643 3783 1764 3851 saecvvla,

133 3891 223 3939 aulem
238 3881 346 3953 campi,
372 3879 432 3949 quia
456 3893 504 3948 per
527 3881 610 3931 ῑῠῑῑῑῑῑ
633 3875 708 3930 ⁰fbi⁸
733 3872 923 3937 latitudinem,
974 3879 1056 3934 borno
1071 3880 1098 3933 ia
1113 3877 1167 3933 llare
1180 3875 1358 3940 seculorum,
1375 3872 1514 3929 humiliter
1528 3866 1555 3927 ia
1569 3874 1669 3929 ruovrdo
1682 3890 1764 3946 apape-
1781 3886 1784 3891 ·

132 3975 224 4031 odoris
239 3974 291 4029 mei
307 3972 419 4044 qratiam
434 3970 603 4026 innotescere
617 3966 706 4036 cupio.
731 3965 808 4034 erod
824 3979 924 4036 nequa-
974 3971 1014 4025 rui
1024 3986 1032 4036 i
1044 3967 1190 4024 humilibus
1201 3979 1243 4021 me
1254 3964 1357 4020 socium
1369 3978 1400 4018 ac
1414 3962 1573 4032 pauperibus
1586 3963 1681 4031 spiriru
1691 3978 1763 4020 sam.

133 4081 212 4138 qoam
227 4067 300 4122 valet
314 4061 442 4133 impleri,
465 4061 487 4117 si
504 4075 557 4116 non
572 4067 599 4115 tu
614 4059 767 4116 intermissa
783 4059 925 4127 aliquoties
974 4074 1023 4130 per
1037 4056 1168 4125 exbibui,
1192 4053 1348 4112 humilitatis
1370 4053 1507 4125 gressibus
1520 4053 1555 4109 ad
1571 4065 1684 4110 uva-rtem
1703 4069 1764 4123 pter·

132 4158 221 4228 quiete
233 4169 287 4226 qua
302 4153 457 4220 delectaris,
474 4150 621 4221 accingaris
636 4149 669 4205 ad
684 4148 847 4219 praedicandi
864 4147 925 4201 oili-
974 4148 1053 4205 reni:
1080 4158 1107 4203 tu
1130 4160 1197 4202 rero
1219 4146 1246 4200 in
1275 4144 1326 4201 boe
1349 4143 1449 4200 seculo
1466 4142 1564 4213 quietis
1590 4144 1762 4201 securitatem

133 4248 205 4302 cium
219 4260 272 4315 qua
286 4243 448 4300 exercearis.
463 4239 559 4296 Litium
569 4254 676 4311 qnoque
687 4253 750 4294 snut
762 4238 922 4295 convallium
974 4253 1095 4312 querere
1104 4237 1220 4302 desiste;
1234 4235 1297 4307 quin
1309 4235 1397 4304 potius
1409 4236 1478 4289 sicut
1488 4233 1573 4289 liliunr
1587 4233 1657 4289 iuter
1670 4232 1763 4303 spinas

133 4339 219 4409 tnagis
243 4352 321 4404 quam
347 4337 477 4389 moratium
493 4374 501 4398 ,
522 4334 583 4403 qaia
599 4331 626 4386 in
642 4331 696 4386 iltis
712 4329 859 4394 nimirum,
881 4330 923 4385 rel
974 4327 1114 4386 candidior
1127 4325 1288 4395 molliorque
1299 4323 1417 4390 aierem
1430 4323 1451 4377 si
1465 4322 1566 4377 aculeis
1578 4323 1658 4377 etiam
1669 4322 1763 4379 doure·

132 4427 282 4484 claritatem
294 4423 421 4494 qloritice
436 4437 502 4477 meae
518 4420 712 4488 humanitatis,
732 4420 775 4475 vel
791 4419 920 4488 spleuda·
974 4421 1101 4476 sticorom
1114 4416 1224 4483 alllicta,
1236 4415 1377 4469 veritatem
1389 4413 1425 4466 tui
1439 4411 1544 4466 decanis
1556 4413 1658 4481 qratios
1672 4421 1763 4469 osten·

133 4533 192 4575 rent
204 4525 312 4572 aetervue
326 4513 433 4570 deitatis
448 4511 563 4582 paudere
578 4528 610 4568 ac
624 4513 744 4567 revelare
759 4511 854 4573 soleo,
873 4511 920 4580 qui
937 4490 1020 4567 ¹'de
1034 4511 1152 4566 brodata
1174 4518 1264 4563 autern
1284 4521 1299 4560 a
1315 4505 1429 4560 bomiuo
1452 4502 1573 4559 Ecclesia
1596 4504 1667 4574 quod
1692 4505 1762 4562 inter

133 4624 165 4666 se
178 4607 354 4678 suscipiendae
365 4606 458 4661 ditioni
473 4620 539 4659 meae
553 4605 612 4660 tidei
623 4619 656 4660 ae
665 4603 818 4659 dilectionis
833 4602 921 4658 lauari·
973 4600 1076 4672 spicula
1091 4598 1251 4669 perltdornm
1268 4595 1329 4650 lldoi
1342 4609 1398 4649 sue
1412 4593 1564 4650 castitatem
1580 4595 1761 4666 incorruptam

134 4701 195 4758 liter
207 4699 325 4754 subdunt
343 4716 351 4763 ;
375 4698 421 4768 qui
437 4711 495 4751 mea
514 4695 603 4766 potius
621 4695 716 4764 sequi,
740 4711 819 4765 quarn
845 4711 921 4751 suain
974 4692 1143 4756 servaverit,
1158 4700 1238 4760 atque
1254 4689 1323 4743 inter
1337 4687 1463 4742 lrorroaes
1479 4702 1622 4756 praroruvn
1637 4688 1693 4756 ipsa
1705 4688 1763 4758 qlo-

133 4799 257 4862 qnaaront
274 4791 447 4843 solenitatem.
471 4787 521 4853 Qui
544 4786 594 4840 etsi
618 4785 674 4839 otio
696 4785 864 4841 delectantur
878 4787 922 4840 in·
975 4786 1072 4840 riosinr
1086 4781 1236 4849 effulserit,
1253 4780 1391 4846 reciproco
1409 4781 1499 4834 statim
1517 4793 1647 4847 responso
1660 4777 1761 4847 ruajors

133 4891 218 4938 terne
232 4896 298 4935 mee
313 4878 554 4948 corucmplatiouis,
571 4877 604 4932 ad
619 4877 738 4932 laborem
756 4878 922 4945 praedicatio·
975 4876 1049 4932 illuaa
1065 4873 1143 4928 lande
1158 4872 1266 4936 attollit,
1282 4879 1310 4926 et
1322 4869 1391 4939 quod
1407 4871 1476 4925 inter
1491 4869 1578 4924 lldelia
1595 4870 1661 4923 tacta
1677 4870 1762 4925 bona·

135 4973 177 5027 uis
190 4983 280 5027 tamen
303 4985 345 5024 me
366 4971 514 5037 irnperaute
533 4966 657 5036 progredi
682 4981 734 5021 aon
761 4966 921 5023 detrectant.
976 4982 1034 5022 auru
1050 4963 1221 5035 situqulariter
1236 4972 1345 5017 mucius
1360 4962 1487 5026 emineat,
1506 4969 1608 5015 narrat.

134 5063 202 5121 liam
214 5064 312 5132 etipse
325 5062 372 5116 tibi
383 5058 586 5131 participatione
597 5072 662 5113 ιιιαιε
677 5057 816 5123 claritatis,
829 5067 858 5111 nt
869 5059 924 5115 lilio

136 5154 312 5224 eonvpareris,
326 5151 433 5217 donari,
454 5160 481 5204 et
495 5149 606 5206 candida
620 5147 748 5204 uidelicet
763 5145 924 5215 perfectione

135 5249 226 5318 operis
242 5255 269 5303 et
289 5246 414 5315 pretiosa,
426 5242 566 5299 etisteudo
577 5241 679 5312 fulgore
693 5240 783 5295 muudi
795 5241 922 5310 pectoris.

135 5341 189 5398 sno
210 5353 245 5396 ne
268 5337 335 5394 lorte
350 5337 416 5391 relis
440 5339 465 5391 in
493 5337 542 5390 luc
560 5337 612 5390 rita
631 5335 809 5390 securitatem
824 5334 923 5390 lrabcro

137 5437 236 5508 quietis
249 5472 259 5501 ,
273 5434 341 5490 sciro
356 5433 400 5487 tibi
417 5432 442 5485 in
458 5428 581 5501 paeserrti
596 5441 657 5482 caro
673 5426 795 5497 reprobis
810 5440 922 5481 conuer-

135 5527 261 5594 sandntn,
272 5536 300 5584 et
314 5540 455 5597 pravorum
467 5522 586 5594 quotidie
597 5519 720 5575 stimulos
733 5515 923 5588 perferendam

138 5636 166 5679 at
178 5625 206 5679 io
219 5622 306 5678 loturo
322 5619 439 5690 requiem
455 5632 514 5672 cum
537 5616 601 5671 sutis
622 5612 715 5668 electis
737 5626 799 5666 esse
812 5624 924 5679 sperau-

137 5715 209 5772 ἀίω.
227 5712 298 5771 Sicut
311 5714 382 5769 enita
397 5711 480 5765 liliatas
493 5711 558 5764 inter
571 5709 679 5775 spinas,
702 5705 738 5759 sic
763 5705 844 5756 eurico
866 5716 923 5755 anea

1011 5057 1084 5112 stant
1106 5055 1202 5109 mutan
1216 5053 1283 5107 iuter
1297 5056 1366 5124 liqna
1379 5054 1512 5116 silvarum,
1526 5061 1577 5106 etc.
1591 5050 1647 5105 tloc
1661 5059 1701 5106 est
1714 5065 1763 5106 att·

976 5156 1030 5203 tetta
1046 5145 1116 5216 qnod
1133 5143 1274 5199 l‘salmista
1287 5142 1415 5212 loquitur,
1428 5142 1553 5208 quoniam
1572 5141 1636 5205 data
1648 5141 1675 5194 in
1688 5140 1762 5195 aubi·

975 5240 1022 5293 bats
1048 5236 1187 5307 aqualiter
1212 5233 1341 5288 bantana
1354 5241 1399 5284 aut
1420 5231 1577 5298 quiasiuu‘lt's
1599 5231 1645 5284 crit
1669 5229 1721 5284 Deo
1736 5231 1763 5285 itt

976 5331 1037 5392 filiis
1060 5327 1107 5382 Dei
1120 5324 1207 5394 (Psoi.
1228 5322 1380 5385 taaavtutl
1395 5320 1469 5374 Sicut
1483 5330 1548 5390 erga
1565 5318 1675 5383 malurn,
1690 5318 1761 5390 quod

976 5432 1003 5479 et
1024 5424 1082 5476 risu
1106 5429 1133 5474 ct
1147 5418 1230 5473 odore
1250 5424 1276 5470 et
1298 5422 1376 5483 gustu
1398 5423 1502 5481 gratum
1517 5420 1568 5476 est,
1592 5411 1671 5483 liguis
1692 5411 1763 5467 solet

976 5512 1135 5568 antecellere
1156 5507 1343 5569 silvestribus,
1367 5508 1406 5559 sic
1429 5505 1508 5559 botruo
1533 5503 1603 5558 bears
1623 5501 1762 5568 omnibus,

976 5605 1020 5674 qui
1038 5601 1095 5673 puri
1109 5599 1232 5656 borninos
1246 5605 1316 5661 sant,
1329 5595 1429 5650 sanctis
1440 5595 1501 5664 jore
1517 5591 1664 5661 precatum
1677 5592 1762 5647 meri·

977 5705 1084 5764 tortaque
1095 5704 1200 5755 eorum,
1211 5686 1256 5759 qni
1271 5701 1318 5757 per
1332 5686 1448 5758 qratiam
1466 5683 1510 5738 titt.
1524 5683 1570 5738 bat
1584 5691 1657 5752 sunt,
1670 5689 1764 5753 potsu-
