<?xml version="1.0" encoding="UTF-8"?>
<!DOCTYPE html PUBLIC "-//W3C//DTD XHTML 1.0 Transitional//EN"
    "http://www.w3.org/TR/xhtml1/DTD/xhtml1-transitional.dtd">
<html xmlns="http://www.w3.org/1999/xhtml" xml:lang="en" lang="en">
 <head>
  <title>
</title>
<meta http-equiv="Content-Type" content="text/html;charset=utf-8" />
  <meta name='ocr-system' content='tesseract 3.04.00' />
  <meta name='ocr-capabilities' content='ocr_page ocr_carea ocr_par ocr_line ocrx_word'/>
</head>
<body>
  <div class='ocr_page' id='page_1' title='image "./patrologiaecurs73unkngoog_0180.png"; bbox 0 0 3794 6120; ppageno 0'>
   <div class='ocr_carea' id='block_1_1' title="bbox 123 385 1761 450">
    <p class='ocr_par' dir='ltr' id='par_1_1' title="bbox 123 385 1761 450">
     <span class='ocr_line' id='line_1_1' title="bbox 123 385 1761 450; baseline 0.001 -3"><span class='ocrx_word' id='word_1_1' title='bbox 123 393 172 450; x_wconf 57' lang='lat' dir='ltr'><strong>itt</strong></span> <span class='ocrx_word' id='word_1_2' title='bbox 375 387 477 444; x_wconf 77' lang='lat' dir='ltr'><strong>BEDAE</strong></span> <span class='ocrx_word' id='word_1_3' title='bbox 499 386 727 443; x_wconf 71' lang='lat' dir='ltr'><strong>lutittttttutt&#39;s</strong></span> <span class='ocrx_word' id='word_1_4' title='bbox 746 388 887 446; x_wconf 72' lang='lat' dir='ltr'><strong>bbssutltt</strong></span> <span class='ocrx_word' id='word_1_5' title='bbox 909 389 998 445; x_wconf 73' lang='lat' dir='ltr'><strong>PARS</strong></span> <span class='ocrx_word' id='word_1_6' title='bbox 1018 389 1048 444; x_wconf 90' lang='lat' dir='ltr'><strong>lt.</strong></span> <span class='ocrx_word' id='word_1_7' title='bbox 1069 420 1102 431; x_wconf 79' lang='grc'>-</span> <span class='ocrx_word' id='word_1_8' title='bbox 1124 387 1319 444; x_wconf 78' lang='lat' dir='ltr'><strong>nxtdtttct</strong></span> <span class='ocrx_word' id='word_1_9' title='bbox 1341 385 1505 444; x_wconf 62' lang='lat' dir='ltr'><strong>cunutus.</strong></span> <span class='ocrx_word' id='word_1_10' title='bbox 1703 388 1761 449; x_wconf 69' lang='lat'><strong>832</strong></span> 
     </span>
    </p>
   </div>
   <div class='ocr_carea' id='block_1_2' title="bbox 117 496 1768 2120">
    <p class='ocr_par' dir='ltr' id='par_1_2' title="bbox 117 496 1768 2120">
     <span class='ocr_line' id='line_1_2' title="bbox 125 496 1758 568; baseline -0.002 -8"><span class='ocrx_word' id='word_1_11' title='bbox 125 519 151 563; x_wconf 89' lang='lat' dir='ltr'><strong>et</strong></span> <span class='ocrx_word' id='word_1_12' title='bbox 164 505 280 561; x_wconf 79' lang='lat' dir='ltr'><strong>secunda</strong></span> <span class='ocrx_word' id='word_1_13' title='bbox 295 500 416 567; x_wconf 88' lang='lat' dir='ltr'><strong>acceptio</strong></span> <span class='ocrx_word' id='word_1_14' title='bbox 431 514 527 554; x_wconf 85' lang='lat' dir='ltr'><strong>nouum</strong></span> <span class='ocrx_word' id='word_1_15' title='bbox 539 498 770 568; x_wconf 73' lang='lat' dir='ltr'><strong>sigtrilrcatzdum</strong></span> <span class='ocrx_word' id='word_1_16' title='bbox 786 499 914 567; x_wconf 86' lang='lat' dir='ltr'><strong>scriptio·</strong></span> <span class='ocrx_word' id='word_1_17' title='bbox 929 506 952 561; x_wconf 75' lang='grc' dir='ltr'>Α</span> <span class='ocrx_word' id='word_1_18' title='bbox 967 499 1088 567; x_wconf 77' lang='lat' dir='ltr'><strong>figurant.</strong></span> <span class='ocrx_word' id='word_1_19' title='bbox 1117 498 1144 551; x_wconf 93' lang='lat' dir='ltr'><strong>lu</strong></span> <span class='ocrx_word' id='word_1_20' title='bbox 1172 496 1345 565; x_wconf 80' lang='lat' dir='ltr'><strong>quadragiuta</strong></span> <span class='ocrx_word' id='word_1_21' title='bbox 1379 499 1474 550; x_wconf 86' lang='lat' dir='ltr'><strong>dicbus</strong></span> <span class='ocrx_word' id='word_1_22' title='bbox 1499 511 1546 551; x_wconf 79' lang='lat' dir='ltr'><strong>sex</strong></span> <span class='ocrx_word' id='word_1_23' title='bbox 1574 497 1758 557; x_wconf 63' lang='lat' dir='ltr'><strong>bebdomada</strong></span> 
     </span>
     <span class='ocr_line' id='line_1_3' title="bbox 126 587 1760 658; baseline -0.002 -7"><span class='ocrx_word' id='word_1_24' title='bbox 126 612 174 652; x_wconf 89' lang='lat' dir='ltr'><strong>nes</strong></span> <span class='ocrx_word' id='word_1_25' title='bbox 188 595 301 650; x_wconf 78' lang='lat' dir='ltr'><strong>bertuino</strong></span> <span class='ocrx_word' id='word_1_26' title='bbox 312 596 480 658; x_wconf 89' lang='lat' dir='ltr'><strong>reputautur.</strong></span> <span class='ocrx_word' id='word_1_27' title='bbox 496 588 584 643; x_wconf 73' lang='lat' dir='ltr'><strong>l‘rima</strong></span> <span class='ocrx_word' id='word_1_28' title='bbox 600 587 626 641; x_wconf 91' lang='lat' dir='ltr'><strong>iu</strong></span> <span class='ocrx_word' id='word_1_29' title='bbox 643 588 742 656; x_wconf 86' lang='lat' dir='ltr'><strong>lapide,</strong></span> <span class='ocrx_word' id='word_1_30' title='bbox 756 589 874 644; x_wconf 80' lang='lat' dir='ltr'><strong>secunda</strong></span> <span class='ocrx_word' id='word_1_31' title='bbox 888 589 914 644; x_wconf 90' lang='lat' dir='ltr'><strong>in</strong></span> <span class='ocrx_word' id='word_1_32' title='bbox 965 598 1037 644; x_wconf 91' lang='lat' dir='ltr'><strong>suut.</strong></span> <span class='ocrx_word' id='word_1_33' title='bbox 1055 589 1159 642; x_wconf 85' lang='lat' dir='ltr'><strong>Etenim</strong></span> <span class='ocrx_word' id='word_1_34' title='bbox 1188 590 1273 658; x_wconf 82' lang='lat' dir='ltr'><strong>legem</strong></span> <span class='ocrx_word' id='word_1_35' title='bbox 1302 589 1506 656; x_wconf 87' lang='lat' dir='ltr'><strong>personarium</strong></span> <span class='ocrx_word' id='word_1_36' title='bbox 1531 604 1672 645; x_wconf 91' lang='lat' dir='ltr'><strong>numerum</strong></span> <span class='ocrx_word' id='word_1_37' title='bbox 1699 592 1760 647; x_wconf 72' lang='lat' dir='ltr'><strong>deri</strong></span> 
     </span>
     <span class='ocr_line' id='line_1_4' title="bbox 126 677 1760 751; baseline -0.002 -10"><span class='ocrx_word' id='word_1_38' title='bbox 126 699 206 741; x_wconf 89' lang='lat' dir='ltr'><strong>terra.</strong></span> <span class='ocrx_word' id='word_1_39' title='bbox 227 680 474 751; x_wconf 85' lang='lat' dir='ltr'><strong>Quusiguibeatur,</strong></span> <span class='ocrx_word' id='word_1_40' title='bbox 492 679 593 748; x_wconf 76' lang='lat' dir='ltr'><strong>aprialti</strong></span> <span class='ocrx_word' id='word_1_41' title='bbox 614 680 753 747; x_wconf 77' lang='lat' dir='ltr'><strong>‹puribusin</strong></span> <span class='ocrx_word' id='word_1_42' title='bbox 782 679 915 747; x_wconf 77' lang='lat' dir='ltr'>lapidibus</span> <span class='ocrx_word' id='word_1_43' title='bbox 966 686 1080 747; x_wconf 85' lang='lat' dir='ltr'><strong>oportet,</strong></span> <span class='ocrx_word' id='word_1_44' title='bbox 1096 678 1160 732; x_wconf 92' lang='lat' dir='ltr'><strong>duur</strong></span> <span class='ocrx_word' id='word_1_45' title='bbox 1185 677 1227 732; x_wconf 80' lang='lat' dir='ltr'><strong>lor</strong></span> <span class='ocrx_word' id='word_1_46' title='bbox 1251 692 1298 747; x_wconf 87' lang='lat' dir='ltr'><strong>per</strong></span> <span class='ocrx_word' id='word_1_47' title='bbox 1321 692 1369 733; x_wconf 85' lang='lat' dir='ltr'><strong>sex</strong></span> <span class='ocrx_word' id='word_1_48' title='bbox 1393 677 1452 733; x_wconf 80' lang='lat' dir='ltr'><strong>dieu</strong></span> <span class='ocrx_word' id='word_1_49' title='bbox 1466 680 1626 736; x_wconf 82' lang='lat' dir='ltr'><strong>seruitutem</strong></span> <span class='ocrx_word' id='word_1_50' title='bbox 1655 682 1760 739; x_wconf 85' lang='lat' dir='ltr'><strong>docuit.</strong></span> 
     </span>
     <span class='ocr_line' id='line_1_5' title="bbox 117 768 1757 840; baseline -0.001 -9"><span class='ocrx_word' id='word_1_51' title='bbox 117 774 185 832; x_wconf 82' lang='lat' dir='ltr'><strong>dau</strong></span> <span class='ocrx_word' id='word_1_52' title='bbox 201 783 252 838; x_wconf 85' lang='lat' dir='ltr'><strong>est,</strong></span> <span class='ocrx_word' id='word_1_53' title='bbox 279 773 401 829; x_wconf 79' lang='lat' dir='ltr'><strong>duriores</strong></span> <span class='ocrx_word' id='word_1_54' title='bbox 418 772 522 825; x_wconf 88' lang='lat' dir='ltr'><strong>luemm</strong></span> <span class='ocrx_word' id='word_1_55' title='bbox 539 789 544 822; x_wconf 92' lang='lat'>:</span> <span class='ocrx_word' id='word_1_56' title='bbox 572 778 600 824; x_wconf 87' lang='lat' dir='ltr'><strong>et</strong></span> <span class='ocrx_word' id='word_1_57' title='bbox 624 771 652 825; x_wconf 91' lang='lat' dir='ltr'><strong>bi</strong></span> <span class='ocrx_word' id='word_1_58' title='bbox 677 770 773 840; x_wconf 79' lang='lat' dir='ltr'><strong>qutbm</strong></span> <span class='ocrx_word' id='word_1_59' title='bbox 798 773 823 826; x_wconf 89' lang='lat' dir='ltr'><strong>iu</strong></span> <span class='ocrx_word' id='word_1_60' title='bbox 846 780 915 826; x_wconf 81' lang='lat' dir='ltr'><strong>terra</strong></span> <span class='ocrx_word' id='word_1_61' title='bbox 966 768 1042 837; x_wconf 81' lang='lat' dir='ltr'><strong>Quor</strong></span> <span class='ocrx_word' id='word_1_62' title='bbox 1056 780 1145 825; x_wconf 89' lang='lat' dir='ltr'><strong>auteur</strong></span> <span class='ocrx_word' id='word_1_63' title='bbox 1166 769 1224 825; x_wconf 87' lang='lat' dir='ltr'><strong>dies</strong></span> <span class='ocrx_word' id='word_1_64' title='bbox 1238 779 1263 823; x_wconf 86' lang='grc' dir='ltr'><strong>ει</strong></span> <span class='ocrx_word' id='word_1_65' title='bbox 1276 781 1368 825; x_wconf 85' lang='grc' dir='ltr'>ιιεειεε</span> <span class='ocrx_word' id='word_1_66' title='bbox 1382 785 1436 825; x_wconf 88' lang='grc' dir='ltr'><strong>εεε</strong></span> <span class='ocrx_word' id='word_1_67' title='bbox 1450 772 1593 840; x_wconf 87' lang='lat' dir='ltr'><strong>separatim</strong></span> <span class='ocrx_word' id='word_1_68' title='bbox 1609 786 1625 826; x_wconf 88' lang='lat' dir='ltr'><strong>a</strong></span> <span class='ocrx_word' id='word_1_69' title='bbox 1641 772 1757 828; x_wconf 85' lang='lat' dir='ltr'><strong>bomine</strong></span> 
     </span>
     <span class='ocr_line' id='line_1_6' title="bbox 127 850 1761 936; baseline 0 -15"><span class='ocrx_word' id='word_1_70' title='bbox 127 868 256 936; x_wconf 89' lang='lat' dir='ltr'><strong>scriptum</strong></span> <span class='ocrx_word' id='word_1_71' title='bbox 270 874 323 930; x_wconf 90' lang='lat' dir='ltr'><strong>est,</strong></span> <span class='ocrx_word' id='word_1_72' title='bbox 337 862 483 918; x_wconf 67' lang='lat' dir='ltr'><strong>molituros.</strong></span> <span class='ocrx_word' id='word_1_73' title='bbox 502 861 534 916; x_wconf 82' lang='lat' dir='ltr'><strong>lit</strong></span> <span class='ocrx_word' id='word_1_74' title='bbox 551 861 709 930; x_wconf 86' lang='lat' dir='ltr'><strong>corporibus</strong></span> <span class='ocrx_word' id='word_1_75' title='bbox 729 862 857 930; x_wconf 86' lang='lat' dir='ltr'><strong>scripturn</strong></span> <span class='ocrx_word' id='word_1_76' title='bbox 876 869 917 916; x_wconf 87' lang='lat' dir='ltr'><strong>est</strong></span> <span class='ocrx_word' id='word_1_77' title='bbox 967 870 1156 927; x_wconf 88' lang='lat' dir='ltr'><strong>numerantur,</strong></span> <span class='ocrx_word' id='word_1_78' title='bbox 1171 850 1315 930; x_wconf 76' lang='lat' dir='ltr'><strong>siguificat,</strong></span> <span class='ocrx_word' id='word_1_79' title='bbox 1329 864 1392 931; x_wconf 83' lang='lat' dir='ltr'><strong>quia</strong></span> <span class='ocrx_word' id='word_1_80' title='bbox 1406 861 1444 916; x_wconf 91' lang='lat' dir='ltr'><strong>ira</strong></span> <span class='ocrx_word' id='word_1_81' title='bbox 1459 871 1487 917; x_wconf 90' lang='lat' dir='ltr'><strong>et</strong></span> <span class='ocrx_word' id='word_1_82' title='bbox 1498 877 1595 919; x_wconf 85' lang='lat' dir='ltr'><strong>seusus</strong></span> <span class='ocrx_word' id='word_1_83' title='bbox 1609 864 1637 919; x_wconf 89' lang='lat' dir='ltr'><strong>iu</strong></span> <span class='ocrx_word' id='word_1_84' title='bbox 1649 863 1710 934; x_wconf 78' lang='lat' dir='ltr'><strong>lege</strong></span> <span class='ocrx_word' id='word_1_85' title='bbox 1724 864 1761 920; x_wconf 90' lang='lat' dir='ltr'><strong>si·</strong></span> 
     </span>
     <span class='ocr_line' id='line_1_7' title="bbox 128 949 1761 1026; baseline -0.002 -14"><span class='ocrx_word' id='word_1_86' title='bbox 128 954 376 1026; x_wconf 84' lang='lat' dir='ltr'><strong>priusaninrabus:</strong></span> <span class='ocrx_word' id='word_1_87' title='bbox 401 951 599 1008; x_wconf 80' lang='lat' dir='ltr'><strong>secundorero</strong></span> <span class='ocrx_word' id='word_1_88' title='bbox 620 951 706 1024; x_wconf 82' lang='lat' dir='ltr'><strong>digito</strong></span> <span class='ocrx_word' id='word_1_89' title='bbox 731 952 776 1007; x_wconf 84' lang='lat' dir='ltr'><strong>bei</strong></span> <span class='ocrx_word' id='word_1_90' title='bbox 804 965 917 1019; x_wconf 71' lang='lat' dir='ltr'><strong>unaque</strong></span> <span class='ocrx_word' id='word_1_91' title='bbox 967 950 1021 1005; x_wconf 92' lang='lat' dir='ltr'><strong>ruul</strong></span> <span class='ocrx_word' id='word_1_92' title='bbox 1046 958 1129 1004; x_wconf 88' lang='lat' dir='ltr'><strong>sunt:</strong></span> <span class='ocrx_word' id='word_1_93' title='bbox 1148 950 1190 1003; x_wconf 86' lang='lat' dir='ltr'><strong>uel</strong></span> <span class='ocrx_word' id='word_1_94' title='bbox 1220 949 1288 1005; x_wconf 88' lang='lat' dir='ltr'><strong>duos</strong></span> <span class='ocrx_word' id='word_1_95' title='bbox 1317 950 1431 1019; x_wconf 84' lang='lat' dir='ltr'><strong>populos</strong></span> <span class='ocrx_word' id='word_1_96' title='bbox 1457 951 1567 1017; x_wconf 86' lang='lat' dir='ltr'><strong>indicat,</strong></span> <span class='ocrx_word' id='word_1_97' title='bbox 1595 953 1693 1024; x_wconf 78' lang='lat' dir='ltr'><strong>quibus</strong></span> <span class='ocrx_word' id='word_1_98' title='bbox 1718 954 1761 1010; x_wconf 80' lang='lat' dir='ltr'><strong>les</strong></span> 
     </span>
     <span class='ocr_line' id='line_1_8' title="bbox 127 1038 1759 1118; baseline -0.004 -12"><span class='ocrx_word' id='word_1_99' title='bbox 127 1049 238 1118; x_wconf 89' lang='lat' dir='ltr'><strong>scriptio</strong></span> <span class='ocrx_word' id='word_1_100' title='bbox 248 1047 348 1118; x_wconf 83' lang='lat' dir='ltr'><strong>scripta</strong></span> <span class='ocrx_word' id='word_1_101' title='bbox 369 1054 421 1111; x_wconf 83' lang='lat' dir='ltr'><strong>est,</strong></span> <span class='ocrx_word' id='word_1_102' title='bbox 444 1044 471 1099; x_wconf 93' lang='lat' dir='ltr'><strong>id</strong></span> <span class='ocrx_word' id='word_1_103' title='bbox 487 1053 540 1107; x_wconf 88' lang='lat' dir='ltr'><strong>est,</strong></span> <span class='ocrx_word' id='word_1_104' title='bbox 556 1042 658 1113; x_wconf 75' lang='lat' dir='ltr'><strong>Spiritu</strong></span> <span class='ocrx_word' id='word_1_105' title='bbox 674 1052 785 1099; x_wconf 91' lang='lat' dir='ltr'><strong>saucto:</strong></span> <span class='ocrx_word' id='word_1_106' title='bbox 802 1043 836 1098; x_wconf 91' lang='lat' dir='ltr'><strong>de</strong></span> <span class='ocrx_word' id='word_1_107' title='bbox 860 1058 915 1112; x_wconf 79' lang='lat' dir='ltr'><strong>utro</strong></span> <span class='ocrx_word' id='word_1_108' title='bbox 968 1050 1059 1107; x_wconf 83' lang='lat' dir='ltr'><strong>postca</strong></span> <span class='ocrx_word' id='word_1_109' title='bbox 1075 1038 1244 1109; x_wconf 78' lang='lat' dir='ltr'><strong>profecisset,</strong></span> <span class='ocrx_word' id='word_1_110' title='bbox 1258 1041 1305 1094; x_wconf 90' lang='lat' dir='ltr'><strong>lilii</strong></span> <span class='ocrx_word' id='word_1_111' title='bbox 1320 1041 1388 1095; x_wconf 87' lang='lat' dir='ltr'><strong>lucis</strong></span> <span class='ocrx_word' id='word_1_112' title='bbox 1410 1051 1437 1097; x_wconf 94' lang='lat' dir='ltr'><strong>et</strong></span> <span class='ocrx_word' id='word_1_113' title='bbox 1452 1040 1499 1096; x_wconf 86' lang='lat' dir='ltr'><strong>lilii</strong></span> <span class='ocrx_word' id='word_1_114' title='bbox 1514 1044 1601 1099; x_wconf 77' lang='lat' dir='ltr'><strong>noctis</strong></span> <span class='ocrx_word' id='word_1_115' title='bbox 1621 1044 1759 1101; x_wconf 79' lang='lat' dir='ltr'><strong>dicuntur.</strong></span> 
     </span>
     <span class='ocr_line' id='line_1_9' title="bbox 128 1123 1761 1213; baseline 0.007 -32"><span class='ocrx_word' id='word_1_116' title='bbox 128 1146 256 1213; x_wconf 50' lang='lat' dir='ltr'><strong>“pappum</strong></span> <span class='ocrx_word' id='word_1_117' title='bbox 277 1149 337 1196; x_wconf 65' lang='lat'><strong>0⁸12</strong></span> <span class='ocrx_word' id='word_1_118' title='bbox 355 1130 433 1207; x_wconf 79' lang='lat' dir='ltr'><strong>Quia</strong></span> <span class='ocrx_word' id='word_1_119' title='bbox 451 1134 528 1191; x_wconf 66' lang='lat' dir='ltr'><strong>parre</strong></span> <span class='ocrx_word' id='word_1_120' title='bbox 541 1144 565 1190; x_wconf 80' lang='lat' dir='ltr'><strong>et</strong></span> <span class='ocrx_word' id='word_1_121' title='bbox 584 1133 655 1190; x_wconf 80' lang='lat' dir='ltr'><strong>Filio</strong></span> <span class='ocrx_word' id='word_1_122' title='bbox 678 1136 804 1204; x_wconf 75' lang='lat' dir='ltr'><em>procedit.</em></span> <span class='ocrx_word' id='word_1_123' title='bbox 821 1136 918 1191; x_wconf 85' lang='lat' dir='ltr'><strong>llecem</strong></span> <span class='ocrx_word' id='word_1_124' title='bbox 967 1127 1067 1184; x_wconf 84' lang='lat' dir='ltr'><strong>Deinde</strong></span> <span class='ocrx_word' id='word_1_125' title='bbox 1080 1142 1193 1186; x_wconf 82' lang='lat' dir='ltr'><strong>metueris</strong></span> <span class='ocrx_word' id='word_1_126' title='bbox 1208 1123 1310 1202; x_wconf 73' lang='lat' dir='ltr'><strong>iiogscr</strong></span> <span class='ocrx_word' id='word_1_127' title='bbox 1322 1132 1465 1187; x_wconf 83' lang='lat' dir='ltr'><strong>cleritatem</strong></span> <span class='ocrx_word' id='word_1_128' title='bbox 1477 1131 1525 1189; x_wconf 80' lang='lat' dir='ltr'><strong>uu</strong></span> <span class='ocrx_word' id='word_1_129' title='bbox 1547 1134 1642 1203; x_wconf 83' lang='lat' dir='ltr'><strong>uidere,</strong></span> <span class='ocrx_word' id='word_1_130' title='bbox 1656 1152 1761 1207; x_wconf 75' lang='lat' dir='ltr'><strong>respou-</strong></span> 
     </span>
     <span class='ocr_line' id='line_1_10' title="bbox 130 1225 1760 1298; baseline -0.004 -8"><span class='ocrx_word' id='word_1_131' title='bbox 130 1246 220 1291; x_wconf 88' lang='lat' dir='ltr'><strong>autern</strong></span> <span class='ocrx_word' id='word_1_132' title='bbox 237 1230 360 1289; x_wconf 80' lang='lat' dir='ltr'><strong>ruaudata</strong></span> <span class='ocrx_word' id='word_1_133' title='bbox 374 1232 535 1298; x_wconf 74' lang='lat' dir='ltr'><strong>magnopere</strong></span> <span class='ocrx_word' id='word_1_134' title='bbox 549 1227 724 1292; x_wconf 83' lang='lat' dir='ltr'><strong>corrueuiuut,</strong></span> <span class='ocrx_word' id='word_1_135' title='bbox 740 1227 803 1282; x_wconf 90' lang='lat' dir='ltr'><strong>dum</strong></span> <span class='ocrx_word' id='word_1_136' title='bbox 824 1227 917 1283; x_wconf 83' lang='lat' dir='ltr'><strong>decem</strong></span> <span class='ocrx_word' id='word_1_137' title='bbox 967 1240 1024 1280; x_wconf 87' lang='lat' dir='ltr'><strong>rum</strong></span> <span class='ocrx_word' id='word_1_138' title='bbox 1037 1225 1149 1296; x_wconf 79' lang='lat' dir='ltr'><strong>occepit,</strong></span> <span class='ocrx_word' id='word_1_139' title='bbox 1171 1225 1256 1280; x_wconf 86' lang='lat' dir='ltr'><strong>cidere</strong></span> <span class='ocrx_word' id='word_1_140' title='bbox 1274 1242 1324 1279; x_wconf 85' lang='lat' dir='ltr'><strong>rrou</strong></span> <span class='ocrx_word' id='word_1_141' title='bbox 1341 1241 1414 1293; x_wconf 81' lang='lat' dir='ltr'><strong>porse</strong></span> <span class='ocrx_word' id='word_1_142' title='bbox 1425 1242 1500 1295; x_wconf 76' lang='lat' dir='ltr'><strong>quem</strong></span> <span class='ocrx_word' id='word_1_143' title='bbox 1518 1226 1605 1281; x_wconf 79' lang='lat' dir='ltr'><strong>nullas</strong></span> <span class='ocrx_word' id='word_1_144' title='bbox 1627 1228 1760 1285; x_wconf 71' lang='lat' dir='ltr'><strong>dominun</strong></span> 
     </span>
     <span class='ocr_line' id='line_1_11' title="bbox 135 1316 1759 1393; baseline -0.001 -14"><span class='ocrx_word' id='word_1_145' title='bbox 135 1325 259 1382; x_wconf 78' lang='lat' dir='ltr'>sensibus</span> <span class='ocrx_word' id='word_1_146' title='bbox 274 1320 395 1393; x_wconf 90' lang='lat' dir='ltr'><strong>corporis</strong></span> <span class='ocrx_word' id='word_1_147' title='bbox 410 1332 436 1375; x_wconf 90' lang='lat' dir='ltr'><strong>ct</strong></span> <span class='ocrx_word' id='word_1_148' title='bbox 449 1321 546 1373; x_wconf 80' lang='lat' dir='ltr'><strong>autum</strong></span> <span class='ocrx_word' id='word_1_149' title='bbox 568 1318 667 1388; x_wconf 86' lang='lat' dir='ltr'><strong>scripta</strong></span> <span class='ocrx_word' id='word_1_150' title='bbox 688 1326 759 1372; x_wconf 90' lang='lat' dir='ltr'><strong>sunt.</strong></span> <span class='ocrx_word' id='word_1_151' title='bbox 787 1317 849 1372; x_wconf 78' lang='lat' dir='ltr'><strong>linc</strong></span> <span class='ocrx_word' id='word_1_152' title='bbox 872 1316 920 1373; x_wconf 88' lang='lat' dir='ltr'><strong>de·</strong></span> <span class='ocrx_word' id='word_1_153' title='bbox 968 1320 1062 1375; x_wconf 84' lang='lat' dir='ltr'><strong>uideret</strong></span> <span class='ocrx_word' id='word_1_154' title='bbox 1076 1328 1099 1374; x_wconf 85' lang='lat' dir='ltr'><strong>et</strong></span> <span class='ocrx_word' id='word_1_155' title='bbox 1113 1320 1215 1375; x_wconf 84' lang='lat' dir='ltr'><strong>uiueret.</strong></span> <span class='ocrx_word' id='word_1_156' title='bbox 1235 1318 1311 1387; x_wconf 83' lang='lat' dir='ltr'><strong>Quod</strong></span> <span class='ocrx_word' id='word_1_157' title='bbox 1326 1318 1473 1390; x_wconf 84' lang='lat' dir='ltr'><strong>signillcat,</strong></span> <span class='ocrx_word' id='word_1_158' title='bbox 1496 1319 1560 1390; x_wconf 79' lang='lat' dir='ltr'><strong>quia</strong></span> <span class='ocrx_word' id='word_1_159' title='bbox 1573 1325 1699 1391; x_wconf 79' lang='lat' dir='ltr'><strong>quumvis</strong></span> <span class='ocrx_word' id='word_1_160' title='bbox 1713 1336 1759 1377; x_wconf 89' lang='lat' dir='ltr'><strong>us·</strong></span> 
     </span>
     <span class='ocr_line' id='line_1_12' title="bbox 128 1403 1762 1482; baseline -0.002 -11"><span class='ocrx_word' id='word_1_161' title='bbox 128 1433 187 1472; x_wconf 85' lang='lat' dir='ltr'><strong>cern</strong></span> <span class='ocrx_word' id='word_1_162' title='bbox 200 1416 322 1469; x_wconf 88' lang='lat' dir='ltr'><strong>mandata</strong></span> <span class='ocrx_word' id='word_1_163' title='bbox 337 1428 398 1466; x_wconf 90' lang='lat' dir='ltr'><strong>curn</strong></span> <span class='ocrx_word' id='word_1_164' title='bbox 410 1409 514 1465; x_wconf 86' lang='lat' dir='ltr'><strong>duabus</strong></span> <span class='ocrx_word' id='word_1_165' title='bbox 528 1408 636 1470; x_wconf 86' lang='lat' dir='ltr'><strong>tabulis,</strong></span> <span class='ocrx_word' id='word_1_166' title='bbox 647 1407 786 1462; x_wconf 83' lang='lat' dir='ltr'>duodecim</span> <span class='ocrx_word' id='word_1_167' title='bbox 797 1403 920 1462; x_wconf 86' lang='lat' dir='ltr'><strong>elliciurit</strong></span> <span class='ocrx_word' id='word_1_168' title='bbox 971 1423 1024 1480; x_wconf 88' lang='lat' dir='ltr'><strong>que</strong></span> <span class='ocrx_word' id='word_1_169' title='bbox 1038 1407 1072 1463; x_wconf 88' lang='lat' dir='ltr'><strong>ad</strong></span> <span class='ocrx_word' id='word_1_170' title='bbox 1087 1407 1235 1464; x_wconf 88' lang='lat' dir='ltr'><strong>claritatem</strong></span> <span class='ocrx_word' id='word_1_171' title='bbox 1246 1409 1395 1481; x_wconf 74' lang='lat' dir='ltr'><strong>angelicam</strong></span> <span class='ocrx_word' id='word_1_172' title='bbox 1411 1409 1527 1465; x_wconf 88' lang='lat' dir='ltr'><strong>bumana</strong></span> <span class='ocrx_word' id='word_1_173' title='bbox 1539 1420 1633 1465; x_wconf 86' lang='lat' dir='ltr'><strong>natura</strong></span> <span class='ocrx_word' id='word_1_174' title='bbox 1647 1423 1709 1482; x_wconf 81' lang='lat' dir='ltr'><strong>post</strong></span> <span class='ocrx_word' id='word_1_175' title='bbox 1721 1426 1762 1468; x_wconf 81' lang='lat' dir='ltr'><strong>re·</strong></span> 
     </span>
     <span class='ocr_line' id='line_1_13' title="bbox 130 1495 1763 1570; baseline -0.001 -10"><span class='ocrx_word' id='word_1_176' title='bbox 130 1521 280 1561; x_wconf 62' lang='lat' dir='ltr'><strong>intraturum.</strong></span> <span class='ocrx_word' id='word_1_177' title='bbox 295 1502 372 1570; x_wconf 84' lang='lat' dir='ltr'><strong>Quod</strong></span> <span class='ocrx_word' id='word_1_178' title='bbox 387 1501 449 1556; x_wconf 90' lang='lat' dir='ltr'><strong>iude</strong></span> <span class='ocrx_word' id='word_1_179' title='bbox 468 1496 605 1564; x_wconf 84' lang='lat' dir='ltr'><strong>cortreult,</strong></span> <span class='ocrx_word' id='word_1_180' title='bbox 631 1497 693 1568; x_wconf 80' lang='lat' dir='ltr'><strong>quia</strong></span> <span class='ocrx_word' id='word_1_181' title='bbox 721 1495 844 1552; x_wconf 83' lang='lat' dir='ltr'><strong>Christus</strong></span> <span class='ocrx_word' id='word_1_182' title='bbox 872 1510 921 1566; x_wconf 92' lang='lat' dir='ltr'><strong>per</strong></span> <span class='ocrx_word' id='word_1_183' title='bbox 970 1499 1164 1556; x_wconf 73' lang='lat' dir='ltr'><strong>surrectionem</strong></span> <span class='ocrx_word' id='word_1_184' title='bbox 1176 1499 1310 1569; x_wconf 89' lang='lat' dir='ltr'><strong>proliciat,</strong></span> <span class='ocrx_word' id='word_1_185' title='bbox 1327 1507 1415 1555; x_wconf 88' lang='lat' dir='ltr'><strong>taurea</strong></span> <span class='ocrx_word' id='word_1_186' title='bbox 1429 1499 1518 1557; x_wconf 84' lang='lat' dir='ltr'><strong>ridere</strong></span> <span class='ocrx_word' id='word_1_187' title='bbox 1532 1502 1763 1559; x_wconf 86' lang='lat' dir='ltr'><strong>illiusesseutiam</strong></span> 
     </span>
     <span class='ocr_line' id='line_1_14' title="bbox 130 1586 1761 1665; baseline -0.003 -11"><span class='ocrx_word' id='word_1_188' title='bbox 130 1599 271 1654; x_wconf 65' lang='lat' dir='ltr'><strong>duodicim</strong></span> <span class='ocrx_word' id='word_1_189' title='bbox 296 1593 432 1665; x_wconf 85' lang='lat' dir='ltr'><strong>apostolus</strong></span> <span class='ocrx_word' id='word_1_190' title='bbox 457 1601 560 1647; x_wconf 88' lang='lat' dir='ltr'><strong>monet.</strong></span> <span class='ocrx_word' id='word_1_191' title='bbox 585 1591 616 1645; x_wconf 83' lang='lat' dir='ltr'><strong>Et</strong></span> <span class='ocrx_word' id='word_1_192' title='bbox 642 1590 714 1644; x_wconf 87' lang='lat' dir='ltr'><strong>sicut</strong></span> <span class='ocrx_word' id='word_1_193' title='bbox 736 1587 797 1643; x_wconf 82' lang='lat' dir='ltr'><strong>dum</strong></span> <span class='ocrx_word' id='word_1_194' title='bbox 823 1586 921 1642; x_wconf 78' lang='lat' dir='ltr'><strong>tabulae</strong></span> <span class='ocrx_word' id='word_1_195' title='bbox 973 1589 1051 1659; x_wconf 88' lang='lat' dir='ltr'><strong>plene</strong></span> <span class='ocrx_word' id='word_1_196' title='bbox 1065 1604 1118 1644; x_wconf 92' lang='lat' dir='ltr'><strong>nou</strong></span> <span class='ocrx_word' id='word_1_197' title='bbox 1134 1591 1206 1644; x_wconf 62' lang='lat' dir='ltr'><strong>ualet</strong></span> <span class='ocrx_word' id='word_1_198' title='bbox 1220 1608 1226 1643; x_wconf 77' lang='grc' dir='ltr'>ι</span> <span class='ocrx_word' id='word_1_199' title='bbox 1241 1605 1322 1658; x_wconf 82' lang='lat' dir='ltr'><strong>quam</strong></span> <span class='ocrx_word' id='word_1_200' title='bbox 1338 1605 1388 1645; x_wconf 90' lang='lat' dir='ltr'><strong>nee</strong></span> <span class='ocrx_word' id='word_1_201' title='bbox 1403 1591 1460 1660; x_wconf 90' lang='lat' dir='ltr'><strong>ipsa</strong></span> <span class='ocrx_word' id='word_1_202' title='bbox 1476 1591 1605 1660; x_wconf 73' lang='lat' dir='ltr'><strong>perfectio</strong></span> <span class='ocrx_word' id='word_1_203' title='bbox 1628 1593 1761 1664; x_wconf 76' lang='lat' dir='ltr'><strong>angelice,</strong></span> 
     </span>
     <span class='ocr_line' id='line_1_15' title="bbox 130 1679 1763 1752; baseline -0.004 -6"><span class='ocrx_word' id='word_1_204' title='bbox 130 1694 223 1746; x_wconf 78' lang='lat' dir='ltr'><strong>decem</strong></span> <span class='ocrx_word' id='word_1_205' title='bbox 240 1689 363 1744; x_wconf 88' lang='lat' dir='ltr'><strong>uraudata</strong></span> <span class='ocrx_word' id='word_1_206' title='bbox 378 1685 541 1751; x_wconf 89' lang='lat' dir='ltr'><strong>custodium,</strong></span> <span class='ocrx_word' id='word_1_207' title='bbox 562 1684 601 1738; x_wconf 87' lang='lat' dir='ltr'><strong>sic</strong></span> <span class='ocrx_word' id='word_1_208' title='bbox 615 1693 643 1737; x_wconf 90' lang='lat' dir='ltr'><strong>ct</strong></span> <span class='ocrx_word' id='word_1_209' title='bbox 667 1682 757 1737; x_wconf 75' lang='lat' dir='ltr'><strong>dualis</strong></span> <span class='ocrx_word' id='word_1_210' title='bbox 783 1680 919 1752; x_wconf 78' lang='lat' dir='ltr'><strong>quiondam</strong></span> <span class='ocrx_word' id='word_1_211' title='bbox 973 1681 1054 1737; x_wconf 84' lang='lat' dir='ltr'><strong>ueluti</strong></span> <span class='ocrx_word' id='word_1_212' title='bbox 1068 1690 1120 1746; x_wconf 87' lang='lat' dir='ltr'><strong>est,</strong></span> <span class='ocrx_word' id='word_1_213' title='bbox 1136 1679 1240 1750; x_wconf 91' lang='lat' dir='ltr'><strong>integre</strong></span> <span class='ocrx_word' id='word_1_214' title='bbox 1252 1682 1322 1737; x_wconf 87' lang='lat' dir='ltr'><strong>scire</strong></span> <span class='ocrx_word' id='word_1_215' title='bbox 1336 1681 1452 1752; x_wconf 90' lang='lat' dir='ltr'><strong>attingit.</strong></span> <span class='ocrx_word' id='word_1_216' title='bbox 1479 1682 1542 1738; x_wconf 88' lang='lat' dir='ltr'><strong>Sola</strong></span> <span class='ocrx_word' id='word_1_217' title='bbox 1566 1683 1639 1739; x_wconf 90' lang='lat' dir='ltr'><strong>enim</strong></span> <span class='ocrx_word' id='word_1_218' title='bbox 1653 1683 1709 1739; x_wconf 87' lang='lat' dir='ltr'><strong>sibi</strong></span> <span class='ocrx_word' id='word_1_219' title='bbox 1721 1685 1763 1739; x_wconf 89' lang='lat' dir='ltr'><strong>iu·</strong></span> 
     </span>
     <span class='ocr_line' id='line_1_16' title="bbox 132 1771 1764 1848; baseline -0.006 -11"><span class='ocrx_word' id='word_1_220' title='bbox 132 1793 223 1839; x_wconf 86' lang='lat' dir='ltr'><strong>uostor</strong></span> <span class='ocrx_word' id='word_1_221' title='bbox 244 1796 349 1837; x_wconf 79' lang='lat' dir='ltr'><strong>cerasus.</strong></span> <span class='ocrx_word' id='word_1_222' title='bbox 367 1779 443 1848; x_wconf 77' lang='lat' dir='ltr'><strong>Quod</strong></span> <span class='ocrx_word' id='word_1_223' title='bbox 462 1784 552 1834; x_wconf 84' lang='lat' dir='ltr'><strong>autem</strong></span> <span class='ocrx_word' id='word_1_224' title='bbox 568 1777 642 1848; x_wconf 90' lang='lat' dir='ltr'><strong>prius</strong></span> <span class='ocrx_word' id='word_1_225' title='bbox 661 1777 695 1832; x_wconf 92' lang='lat' dir='ltr'><strong>ad</strong></span> <span class='ocrx_word' id='word_1_226' title='bbox 711 1774 843 1831; x_wconf 91' lang='lat' dir='ltr'><strong>idolorum</strong></span> <span class='ocrx_word' id='word_1_227' title='bbox 858 1788 924 1829; x_wconf 92' lang='lat' dir='ltr'><strong>ora·</strong></span> <span class='ocrx_word' id='word_1_228' title='bbox 975 1782 1050 1843; x_wconf 88' lang='lat' dir='ltr'><strong>tegre</strong></span> <span class='ocrx_word' id='word_1_229' title='bbox 1081 1781 1144 1828; x_wconf 88' lang='lat' dir='ltr'><strong>nota</strong></span> <span class='ocrx_word' id='word_1_230' title='bbox 1165 1783 1206 1828; x_wconf 88' lang='lat' dir='ltr'><strong>est</strong></span> <span class='ocrx_word' id='word_1_231' title='bbox 1234 1771 1361 1837; x_wconf 80' lang='lat' dir='ltr'><strong>Triruitas,</strong></span> <span class='ocrx_word' id='word_1_232' title='bbox 1389 1783 1417 1829; x_wconf 93' lang='lat' dir='ltr'><strong>et</strong></span> <span class='ocrx_word' id='word_1_233' title='bbox 1444 1773 1606 1830; x_wconf 69' lang='lat' dir='ltr'><strong>humanitate</strong></span> <span class='ocrx_word' id='word_1_234' title='bbox 1629 1788 1764 1846; x_wconf 82' lang='lat' dir='ltr'><strong>suscepta,</strong></span> 
     </span>
     <span class='ocr_line' id='line_1_17' title="bbox 131 1864 1761 1938; baseline -0.006 -7"><span class='ocrx_word' id='word_1_235' title='bbox 131 1877 233 1931; x_wconf 85' lang='lat' dir='ltr'><strong>tiouuna</strong></span> <span class='ocrx_word' id='word_1_236' title='bbox 250 1873 347 1929; x_wconf 85' lang='lat' dir='ltr'><strong>tabulae</strong></span> <span class='ocrx_word' id='word_1_237' title='bbox 363 1880 520 1927; x_wconf 84' lang='lat' dir='ltr'><strong>restauratae</strong></span> <span class='ocrx_word' id='word_1_238' title='bbox 534 1878 605 1938; x_wconf 85' lang='lat' dir='ltr'><strong>suut,</strong></span> <span class='ocrx_word' id='word_1_239' title='bbox 631 1868 831 1925; x_wconf 79' lang='lat' dir='ltr'><strong>renovationem</strong></span> <span class='ocrx_word' id='word_1_240' title='bbox 854 1866 921 1936; x_wconf 78' lang='lat' dir='ltr'><strong>legis</strong></span> <span class='ocrx_word' id='word_1_241' title='bbox 939 1873 1034 1935; x_wconf 75' lang='lat' dir='ltr'><strong>Bartae</strong></span> <span class='ocrx_word' id='word_1_242' title='bbox 1046 1865 1123 1921; x_wconf 88' lang='lat' dir='ltr'><strong>tertia</strong></span> <span class='ocrx_word' id='word_1_243' title='bbox 1137 1874 1179 1920; x_wconf 88' lang='lat' dir='ltr'><strong>est</strong></span> <span class='ocrx_word' id='word_1_244' title='bbox 1192 1878 1307 1934; x_wconf 85' lang='lat' dir='ltr'><strong>persona</strong></span> <span class='ocrx_word' id='word_1_245' title='bbox 1332 1864 1361 1919; x_wconf 90' lang='lat' dir='ltr'><strong>iu</strong></span> <span class='ocrx_word' id='word_1_246' title='bbox 1374 1864 1517 1922; x_wconf 83' lang='lat' dir='ltr'><strong>Trinitate.</strong></span> <span class='ocrx_word' id='word_1_247' title='bbox 1537 1865 1688 1937; x_wconf 83' lang='lat' dir='ltr'><strong>Sequitur:</strong></span> <span class='ocrx_word' id='word_1_248' title='bbox 1712 1865 1761 1923; x_wconf 79' lang='lat' dir='ltr'><strong>list</strong></span> 
     </span>
     <span class='ocr_line' id='line_1_18' title="bbox 132 1956 1768 2033; baseline -0.004 -11"><span class='ocrx_word' id='word_1_249' title='bbox 132 1982 192 2022; x_wconf 92' lang='lat' dir='ltr'><strong>cum</strong></span> <span class='ocrx_word' id='word_1_250' title='bbox 205 1965 313 2022; x_wconf 77' lang='lat' dir='ltr'><strong>tibrieto</strong></span> <span class='ocrx_word' id='word_1_251' title='bbox 327 1962 460 2033; x_wconf 84' lang='lat' dir='ltr'><strong>signillcat</strong></span> <span class='ocrx_word' id='word_1_252' title='bbox 474 1979 481 2016; x_wconf 91' lang='lat'><strong>:</strong></span> <span class='ocrx_word' id='word_1_253' title='bbox 498 1970 559 2030; x_wconf 90' lang='lat' dir='ltr'><strong>post</strong></span> <span class='ocrx_word' id='word_1_254' title='bbox 580 1960 766 2017; x_wconf 89' lang='lat' dir='ltr'><strong>adorationem</strong></span> <span class='ocrx_word' id='word_1_255' title='bbox 788 1959 920 2014; x_wconf 90' lang='lat' dir='ltr'><strong>idolorum</strong></span> <span class='ocrx_word' id='word_1_256' title='bbox 973 1958 1045 2012; x_wconf 83' lang='lat' dir='ltr'><strong>locus</strong></span> <span class='ocrx_word' id='word_1_257' title='bbox 1057 1957 1127 2028; x_wconf 84' lang='lat' dir='ltr'><strong>opud</strong></span> <span class='ocrx_word' id='word_1_258' title='bbox 1138 1973 1177 2011; x_wconf 88' lang='lat' dir='ltr'><strong>me</strong></span> <span class='ocrx_word' id='word_1_259' title='bbox 1192 1956 1293 2012; x_wconf 80' lang='lat' dir='ltr'><strong>stabilis</strong></span> <span class='ocrx_word' id='word_1_260' title='bbox 1304 1972 1382 2028; x_wconf 83' lang='lat' dir='ltr'><strong>super</strong></span> <span class='ocrx_word' id='word_1_261' title='bbox 1394 1966 1502 2029; x_wconf 79' lang='lat' dir='ltr'><strong>petrum,</strong></span> <span class='ocrx_word' id='word_1_262' title='bbox 1515 1967 1540 2014; x_wconf 89' lang='lat' dir='ltr'><strong>et</strong></span> <span class='ocrx_word' id='word_1_263' title='bbox 1553 1959 1697 2028; x_wconf 79' lang='lat' dir='ltr'><strong>posteriora</strong></span> <span class='ocrx_word' id='word_1_264' title='bbox 1709 1975 1768 2015; x_wconf 82' lang='lat' dir='ltr'><strong>arao</strong></span> 
     </span>
     <span class='ocr_line' id='line_1_19' title="bbox 133 2048 1763 2120; baseline -0.001 -10"><span class='ocrx_word' id='word_1_265' title='bbox 133 2059 160 2111; x_wconf 88' lang='lat' dir='ltr'><strong>in</strong></span> <span class='ocrx_word' id='word_1_266' title='bbox 176 2056 259 2111; x_wconf 88' lang='lat' dir='ltr'><strong>reteri</strong></span> <span class='ocrx_word' id='word_1_267' title='bbox 270 2055 453 2110; x_wconf 82' lang='lat' dir='ltr'><strong>&#39;lestamouto</strong></span> <span class='ocrx_word' id='word_1_268' title='bbox 463 2048 539 2120; x_wconf 81' lang='lat' dir='ltr'><strong>Quod</strong></span> <span class='ocrx_word' id='word_1_269' title='bbox 554 2061 642 2107; x_wconf 89' lang='lat' dir='ltr'><strong>autem</strong></span> <span class='ocrx_word' id='word_1_270' title='bbox 655 2049 751 2106; x_wconf 87' lang='lat' dir='ltr'><strong>eadem</strong></span> <span class='ocrx_word' id='word_1_271' title='bbox 763 2061 826 2104; x_wconf 86' lang='lat' dir='ltr'><strong>sunt</strong></span> <span class='ocrx_word' id='word_1_272' title='bbox 837 2050 919 2104; x_wconf 87' lang='lat' dir='ltr'><strong>rerba</strong></span> <span class='ocrx_word' id='word_1_273' title='bbox 972 2048 1077 2103; x_wconf 81' lang='lat' dir='ltr'><strong>ridelis.</strong></span> <span class='ocrx_word' id='word_1_274' title='bbox 1103 2048 1131 2104; x_wconf 95' lang='lat' dir='ltr'><strong>lu</strong></span> <span class='ocrx_word' id='word_1_275' title='bbox 1153 2057 1226 2118; x_wconf 89' lang='lat' dir='ltr'><strong>petra</strong></span> <span class='ocrx_word' id='word_1_276' title='bbox 1249 2058 1363 2117; x_wconf 78' lang='lat' dir='ltr'><strong>emulus,</strong></span> <span class='ocrx_word' id='word_1_277' title='bbox 1387 2057 1416 2103; x_wconf 93' lang='lat' dir='ltr'><strong>ut</strong></span> <span class='ocrx_word' id='word_1_278' title='bbox 1438 2051 1586 2120; x_wconf 77' lang='lat' dir='ltr'><strong>posteriora</strong></span> <span class='ocrx_word' id='word_1_279' title='bbox 1610 2050 1657 2107; x_wconf 86' lang='lat' dir='ltr'><strong>liei</strong></span> <span class='ocrx_word' id='word_1_280' title='bbox 1673 2051 1763 2108; x_wconf 83' lang='lat' dir='ltr'><strong>ridea-</strong></span> 
     </span>
    </p>
   </div>
   <div class='ocr_carea' id='block_1_3' title="bbox 132 2141 926 3038">
    <p class='ocr_par' dir='ltr' id='par_1_3' title="bbox 132 2141 926 3038">
     <span class='ocr_line' id='line_1_20' title="bbox 132 2141 922 2218; baseline -0.01 -16"><span class='ocrx_word' id='word_1_281' title='bbox 132 2163 193 2218; x_wconf 80' lang='lat' dir='ltr'><strong>uum</strong></span> <span class='ocrx_word' id='word_1_282' title='bbox 208 2147 295 2218; x_wconf 90' lang='lat' dir='ltr'><strong>primo</strong></span> <span class='ocrx_word' id='word_1_283' title='bbox 318 2153 346 2200; x_wconf 90' lang='lat' dir='ltr'><strong>et</strong></span> <span class='ocrx_word' id='word_1_284' title='bbox 364 2142 483 2200; x_wconf 87' lang='lat' dir='ltr'><strong>secundo</strong></span> <span class='ocrx_word' id='word_1_285' title='bbox 503 2143 603 2212; x_wconf 87' lang='lat' dir='ltr'><strong>scripta</strong></span> <span class='ocrx_word' id='word_1_286' title='bbox 617 2150 690 2205; x_wconf 89' lang='lat' dir='ltr'><strong>suut,</strong></span> <span class='ocrx_word' id='word_1_287' title='bbox 706 2141 840 2211; x_wconf 84' lang='lat' dir='ltr'><strong>signilleat</strong></span> <span class='ocrx_word' id='word_1_288' title='bbox 851 2154 922 2195; x_wconf 77' lang='lat' dir='ltr'><strong>erm·</strong></span> 
     </span>
     <span class='ocr_line' id='line_1_21' title="bbox 133 2236 921 2309; baseline -0.009 -17"><span class='ocrx_word' id='word_1_289' title='bbox 133 2242 193 2294; x_wconf 80' lang='lat' dir='ltr'><strong>dom</strong></span> <span class='ocrx_word' id='word_1_290' title='bbox 215 2253 276 2295; x_wconf 87' lang='lat' dir='ltr'><strong>esse</strong></span> <span class='ocrx_word' id='word_1_291' title='bbox 301 2236 387 2309; x_wconf 90' lang='lat' dir='ltr'><strong>legem</strong></span> <span class='ocrx_word' id='word_1_292' title='bbox 401 2236 446 2306; x_wconf 84' lang='lat' dir='ltr'><strong>uui</strong></span> <span class='ocrx_word' id='word_1_293' title='bbox 467 2236 598 2303; x_wconf 88' lang='lat' dir='ltr'><strong>concidit,</strong></span> <span class='ocrx_word' id='word_1_294' title='bbox 613 2243 641 2292; x_wconf 91' lang='lat' dir='ltr'><strong>et</strong></span> <span class='ocrx_word' id='word_1_295' title='bbox 661 2249 721 2306; x_wconf 78' lang='lat' dir='ltr'><strong>quae</strong></span> <span class='ocrx_word' id='word_1_296' title='bbox 745 2241 921 2290; x_wconf 84' lang='lat' dir='ltr'><strong>restauratur.</strong></span> 
     </span>
     <span class='ocr_line' id='line_1_22' title="bbox 132 2326 920 2403; baseline -0.008 -17"><span class='ocrx_word' id='word_1_297' title='bbox 132 2331 236 2403; x_wconf 81' lang='lat' dir='ltr'><strong>lloyses</strong></span> <span class='ocrx_word' id='word_1_298' title='bbox 249 2331 392 2385; x_wconf 84' lang='lat' dir='ltr'><strong>materiam</strong></span> <span class='ocrx_word' id='word_1_299' title='bbox 408 2329 559 2383; x_wconf 87' lang='lat' dir='ltr'><strong>tabularum</strong></span> <span class='ocrx_word' id='word_1_300' title='bbox 583 2342 718 2398; x_wconf 77' lang='lat' dir='ltr'><strong>querens,</strong></span> <span class='ocrx_word' id='word_1_301' title='bbox 736 2326 920 2382; x_wconf 88' lang='lat' dir='ltr'><strong>demonstrat:</strong></span> 
     </span>
     <span class='ocr_line' id='line_1_23' title="bbox 132 2421 921 2493; baseline -0.005 -16"><span class='ocrx_word' id='word_1_302' title='bbox 132 2423 194 2493; x_wconf 76' lang='lat' dir='ltr'><strong>uuir</strong></span> <span class='ocrx_word' id='word_1_303' title='bbox 210 2422 280 2493; x_wconf 88' lang='lat' dir='ltr'><strong>apud</strong></span> <span class='ocrx_word' id='word_1_304' title='bbox 296 2437 345 2477; x_wconf 90' lang='lat' dir='ltr'><strong>nos</strong></span> <span class='ocrx_word' id='word_1_305' title='bbox 359 2421 489 2479; x_wconf 81' lang='lat' dir='ltr'><strong>babemus</strong></span> <span class='ocrx_word' id='word_1_306' title='bbox 505 2422 640 2490; x_wconf 89' lang='lat' dir='ltr'><strong>proprium</strong></span> <span class='ocrx_word' id='word_1_307' title='bbox 661 2421 813 2488; x_wconf 82' lang='lat' dir='ltr'><strong>arbitrium,</strong></span> <span class='ocrx_word' id='word_1_308' title='bbox 827 2430 854 2476; x_wconf 92' lang='lat' dir='ltr'><strong>et</strong></span> <span class='ocrx_word' id='word_1_309' title='bbox 868 2436 921 2474; x_wconf 88' lang='lat' dir='ltr'><strong>su-</strong></span> 
     </span>
     <span class='ocr_line' id='line_1_24' title="bbox 134 2512 922 2585; baseline 0.005 -20"><span class='ocrx_word' id='word_1_310' title='bbox 134 2529 181 2584; x_wconf 92' lang='lat' dir='ltr'><strong>per</strong></span> <span class='ocrx_word' id='word_1_311' title='bbox 196 2515 326 2569; x_wconf 90' lang='lat' dir='ltr'><strong>rationem</strong></span> <span class='ocrx_word' id='word_1_312' title='bbox 343 2522 462 2569; x_wconf 88' lang='lat' dir='ltr'><strong>nostram</strong></span> <span class='ocrx_word' id='word_1_313' title='bbox 483 2523 546 2570; x_wconf 92' lang='lat' dir='ltr'><strong>ante</strong></span> <span class='ocrx_word' id='word_1_314' title='bbox 569 2521 652 2582; x_wconf 86' lang='lat' dir='ltr'><strong>caput</strong></span> <span class='ocrx_word' id='word_1_315' title='bbox 671 2512 748 2585; x_wconf 85' lang='lat' dir='ltr'><strong>legis.</strong></span> <span class='ocrx_word' id='word_1_316' title='bbox 766 2512 811 2568; x_wconf 89' lang='lat' dir='ltr'><strong>bei</strong></span> <span class='ocrx_word' id='word_1_317' title='bbox 833 2523 922 2569; x_wconf 86' lang='lat' dir='ltr'><strong>autem</strong></span> 
     </span>
     <span class='ocr_line' id='line_1_25' title="bbox 133 2603 924 2673; baseline 0.001 -15"><span class='ocrx_word' id='word_1_318' title='bbox 133 2613 174 2658; x_wconf 91' lang='grc' dir='ltr'><strong>εει</strong></span> <span class='ocrx_word' id='word_1_319' title='bbox 188 2603 320 2673; x_wconf 86' lang='lat' dir='ltr'><strong>inspirare</strong></span> <span class='ocrx_word' id='word_1_320' title='bbox 330 2614 357 2658; x_wconf 92' lang='lat' dir='ltr'><strong>et</strong></span> <span class='ocrx_word' id='word_1_321' title='bbox 371 2603 517 2659; x_wconf 83' lang='lat' dir='ltr'><strong>inscribere</strong></span> <span class='ocrx_word' id='word_1_322' title='bbox 535 2604 562 2659; x_wconf 91' lang='lat' dir='ltr'><strong>in</strong></span> <span class='ocrx_word' id='word_1_323' title='bbox 578 2603 691 2658; x_wconf 90' lang='lat' dir='ltr'><strong>tabulas.</strong></span> <span class='ocrx_word' id='word_1_324' title='bbox 715 2605 762 2660; x_wconf 77' lang='lat' dir='ltr'><strong>lle</strong></span> <span class='ocrx_word' id='word_1_325' title='bbox 782 2614 872 2661; x_wconf 86' lang='lat' dir='ltr'><strong>autem</strong></span> <span class='ocrx_word' id='word_1_326' title='bbox 885 2621 924 2660; x_wconf 89' lang='lat' dir='ltr'><strong>ra·</strong></span> 
     </span>
     <span class='ocr_line' id='line_1_26' title="bbox 135 2693 924 2764; baseline 0.001 -15"><span class='ocrx_word' id='word_1_327' title='bbox 135 2693 204 2749; x_wconf 82' lang='lat' dir='ltr'><strong>bul-e</strong></span> <span class='ocrx_word' id='word_1_328' title='bbox 225 2693 427 2762; x_wconf 88' lang='lat' dir='ltr'><strong>coulriuguntur</strong></span> <span class='ocrx_word' id='word_1_329' title='bbox 440 2709 524 2763; x_wconf 85' lang='lat' dir='ltr'><strong>usque</strong></span> <span class='ocrx_word' id='word_1_330' title='bbox 545 2693 579 2750; x_wconf 93' lang='lat' dir='ltr'><strong>ad</strong></span> <span class='ocrx_word' id='word_1_331' title='bbox 594 2693 666 2750; x_wconf 88' lang='lat' dir='ltr'><strong>diem</strong></span> <span class='ocrx_word' id='word_1_332' title='bbox 679 2693 784 2764; x_wconf 84' lang='lat' dir='ltr'><strong>judicii,</strong></span> <span class='ocrx_word' id='word_1_333' title='bbox 802 2704 828 2749; x_wconf 86' lang='lat' dir='ltr'><strong>et</strong></span> <span class='ocrx_word' id='word_1_334' title='bbox 843 2710 924 2752; x_wconf 88' lang='lat' dir='ltr'><strong>reuo-</strong></span> 
     </span>
     <span class='ocr_line' id='line_1_27' title="bbox 133 2778 923 2856; baseline 0.004 -21"><span class='ocrx_word' id='word_1_335' title='bbox 133 2793 238 2839; x_wconf 83' lang='lat' dir='ltr'><strong>rautur.</strong></span> <span class='ocrx_word' id='word_1_336' title='bbox 256 2778 423 2852; x_wconf 74' lang='lat' dir='ltr'><strong>Franguntur</strong></span> <span class='ocrx_word' id='word_1_337' title='bbox 448 2781 554 2846; x_wconf 75' lang='lat' dir='ltr'><strong>tabule,</strong></span> <span class='ocrx_word' id='word_1_338' title='bbox 568 2791 596 2838; x_wconf 88' lang='lat' dir='ltr'><strong>et</strong></span> <span class='ocrx_word' id='word_1_339' title='bbox 619 2783 700 2839; x_wconf 84' lang='lat' dir='ltr'><strong>rerba</strong></span> <span class='ocrx_word' id='word_1_340' title='bbox 716 2799 769 2839; x_wconf 93' lang='lat' dir='ltr'><strong>uon</strong></span> <span class='ocrx_word' id='word_1_341' title='bbox 795 2783 923 2856; x_wconf 91' lang='lat' dir='ltr'><strong>lrangnn·</strong></span> 
     </span>
     <span class='ocr_line' id='line_1_28' title="bbox 134 2865 925 2944; baseline 0.003 -16"><span class='ocrx_word' id='word_1_342' title='bbox 134 2882 196 2929; x_wconf 91' lang='lat' dir='ltr'><strong>tur:</strong></span> <span class='ocrx_word' id='word_1_343' title='bbox 213 2884 242 2928; x_wconf 90' lang='lat' dir='ltr'><strong>ut</strong></span> <span class='ocrx_word' id='word_1_344' title='bbox 256 2872 369 2928; x_wconf 89' lang='lat' dir='ltr'><strong>dicitur:</strong></span> <span class='ocrx_word' id='word_1_345' title='bbox 384 2868 482 2928; x_wconf 85' lang='lat' dir='ltr'><strong>Coeluur</strong></span> <span class='ocrx_word' id='word_1_346' title='bbox 493 2882 516 2927; x_wconf 87' lang='lat' dir='ltr'><strong>et</strong></span> <span class='ocrx_word' id='word_1_347' title='bbox 532 2882 601 2928; x_wconf 85' lang='lat' dir='ltr'><strong>terro</strong></span> <span class='ocrx_word' id='word_1_348' title='bbox 615 2865 772 2944; x_wconf 77' lang='lat' dir='ltr'><strong>transibunt,</strong></span> <span class='ocrx_word' id='word_1_349' title='bbox 785 2875 862 2929; x_wconf 81' lang='lat' dir='ltr'><strong>uerbo</strong></span> <span class='ocrx_word' id='word_1_350' title='bbox 875 2893 925 2931; x_wconf 86' lang='lat' dir='ltr'><strong>uu·</strong></span> 
     </span>
     <span class='ocr_line' id='line_1_29' title="bbox 135 2963 926 3038; baseline 0.003 -19"><span class='ocrx_word' id='word_1_351' title='bbox 135 2975 185 3019; x_wconf 85' lang='lat' dir='ltr'><strong>tem</strong></span> <span class='ocrx_word' id='word_1_352' title='bbox 201 2981 256 3019; x_wconf 86' lang='lat' dir='ltr'><strong>areu</strong></span> <span class='ocrx_word' id='word_1_353' title='bbox 268 2981 318 3019; x_wconf 89' lang='lat' dir='ltr'><strong>uou</strong></span> <span class='ocrx_word' id='word_1_354' title='bbox 340 2963 493 3019; x_wconf 79' lang='lat' dir='ltr'><strong>transibunt.</strong></span> <span class='ocrx_word' id='word_1_355' title='bbox 519 2963 615 3020; x_wconf 81' lang='lat' dir='ltr'><strong>Decem</strong></span> <span class='ocrx_word' id='word_1_356' title='bbox 627 2964 707 3021; x_wconf 79' lang='lat' dir='ltr'><strong>ter&#39;lra</strong></span> <span class='ocrx_word' id='word_1_357' title='bbox 723 2967 749 3020; x_wconf 89' lang='lat' dir='ltr'><strong>in</strong></span> <span class='ocrx_word' id='word_1_358' title='bbox 764 2966 880 3038; x_wconf 81' lang='lat' dir='ltr'><strong>quinque</strong></span> <span class='ocrx_word' id='word_1_359' title='bbox 895 2967 926 3021; x_wconf 90' lang='lat' dir='ltr'><strong>ll-</strong></span> 
     </span>
    </p>
   </div>
   <div class='ocr_carea' id='block_1_4' title="bbox 973 2142 1766 3036">
    <p class='ocr_par' dir='ltr' id='par_1_4' title="bbox 973 2142 1766 3036">
     <span class='ocr_line' id='line_1_30' title="bbox 974 2142 1764 2213; baseline 0.004 -14"><span class='ocrx_word' id='word_1_360' title='bbox 974 2158 1042 2199; x_wconf 88' lang='lat' dir='ltr'><strong>mus.</strong></span> <span class='ocrx_word' id='word_1_361' title='bbox 1068 2143 1096 2198; x_wconf 94' lang='lat' dir='ltr'><strong>lu</strong></span> <span class='ocrx_word' id='word_1_362' title='bbox 1120 2143 1240 2198; x_wconf 80' lang='lat' dir='ltr'><strong>Ecclesia</strong></span> <span class='ocrx_word' id='word_1_363' title='bbox 1267 2142 1455 2211; x_wconf 83' lang='lat' dir='ltr'><strong>consistimus,</strong></span> <span class='ocrx_word' id='word_1_364' title='bbox 1479 2153 1509 2200; x_wconf 85' lang='lat' dir='ltr'><strong>et</strong></span> <span class='ocrx_word' id='word_1_365' title='bbox 1529 2146 1678 2213; x_wconf 80' lang='lat' dir='ltr'><strong>posteriora</strong></span> <span class='ocrx_word' id='word_1_366' title='bbox 1703 2145 1764 2213; x_wconf 81' lang='lat' dir='ltr'><strong>uei,</strong></span> 
     </span>
     <span class='ocr_line' id='line_1_31' title="bbox 975 2232 1763 2301; baseline 0.001 -11"><span class='ocrx_word' id='word_1_367' title='bbox 975 2234 1027 2290; x_wconf 88' lang='lat' dir='ltr'><strong>boc</strong></span> <span class='ocrx_word' id='word_1_368' title='bbox 1041 2241 1093 2301; x_wconf 89' lang='lat' dir='ltr'><strong>est,</strong></span> <span class='ocrx_word' id='word_1_369' title='bbox 1110 2232 1306 2288; x_wconf 81' lang='lat' dir='ltr'><strong>humanitatem</strong></span> <span class='ocrx_word' id='word_1_370' title='bbox 1327 2233 1482 2291; x_wconf 79' lang='lat' dir='ltr'><strong>medistoris</strong></span> <span class='ocrx_word' id='word_1_371' title='bbox 1506 2234 1554 2292; x_wconf 90' lang='lat' dir='ltr'><strong>bei</strong></span> <span class='ocrx_word' id='word_1_372' title='bbox 1575 2244 1604 2292; x_wconf 90' lang='lat' dir='ltr'><strong>et</strong></span> <span class='ocrx_word' id='word_1_373' title='bbox 1622 2236 1763 2295; x_wconf 76' lang='lat' dir='ltr'><strong>bominum</strong></span> 
     </span>
     <span class='ocr_line' id='line_1_32' title="bbox 973 2322 1764 2397; baseline 0.001 -17"><span class='ocrx_word' id='word_1_374' title='bbox 973 2339 1021 2397; x_wconf 89' lang='lat' dir='ltr'><strong>per</strong></span> <span class='ocrx_word' id='word_1_375' title='bbox 1034 2323 1175 2394; x_wconf 81' lang='lat' dir='ltr'><strong>Euarrgelia</strong></span> <span class='ocrx_word' id='word_1_376' title='bbox 1190 2323 1320 2380; x_wconf 85' lang='lat' dir='ltr'><strong>uidemus.</strong></span> <span class='ocrx_word' id='word_1_377' title='bbox 1335 2322 1418 2394; x_wconf 76' lang='lat' dir='ltr'><strong>Cuius</strong></span> <span class='ocrx_word' id='word_1_378' title='bbox 1444 2324 1538 2382; x_wconf 83' lang='lat' dir='ltr'><strong>lacieur</strong></span> <span class='ocrx_word' id='word_1_379' title='bbox 1562 2325 1656 2383; x_wconf 83' lang='lat' dir='ltr'><strong>ridere</strong></span> <span class='ocrx_word' id='word_1_380' title='bbox 1681 2335 1710 2383; x_wconf 86' lang='lat' dir='ltr'><strong>et</strong></span> <span class='ocrx_word' id='word_1_381' title='bbox 1722 2327 1764 2382; x_wconf 81' lang='lat' dir='ltr'><strong>ri·</strong></span> 
     </span>
     <span class='ocr_line' id='line_1_33' title="bbox 974 2413 1765 2487; baseline 0.003 -16"><span class='ocrx_word' id='word_1_382' title='bbox 974 2430 1038 2471; x_wconf 83' lang='lat' dir='ltr'><strong>rere</strong></span> <span class='ocrx_word' id='word_1_383' title='bbox 1058 2429 1112 2470; x_wconf 92' lang='lat' dir='ltr'><strong>nou</strong></span> <span class='ocrx_word' id='word_1_384' title='bbox 1126 2427 1289 2484; x_wconf 87' lang='lat' dir='ltr'><strong>possumus:</strong></span> <span class='ocrx_word' id='word_1_385' title='bbox 1309 2414 1370 2485; x_wconf 84' lang='lat' dir='ltr'><strong>quie</strong></span> <span class='ocrx_word' id='word_1_386' title='bbox 1385 2413 1413 2469; x_wconf 90' lang='lat' dir='ltr'><strong>ia</strong></span> <span class='ocrx_word' id='word_1_387' title='bbox 1428 2414 1576 2471; x_wconf 83' lang='lat' dir='ltr'><strong>diuinitatis</strong></span> <span class='ocrx_word' id='word_1_388' title='bbox 1594 2414 1765 2487; x_wconf 71' lang='lat' dir='ltr'><strong>cotempla-</strong></span> 
     </span>
     <span class='ocr_line' id='line_1_34' title="bbox 975 2505 1765 2578; baseline 0.004 -16"><span class='ocrx_word' id='word_1_389' title='bbox 975 2509 1074 2564; x_wconf 91' lang='lat' dir='ltr'><strong>tiouem</strong></span> <span class='ocrx_word' id='word_1_390' title='bbox 1083 2506 1171 2562; x_wconf 89' lang='lat' dir='ltr'><strong>adbuc</strong></span> <span class='ocrx_word' id='word_1_391' title='bbox 1185 2505 1305 2562; x_wconf 87' lang='lat' dir='ltr'><strong>incarne</strong></span> <span class='ocrx_word' id='word_1_392' title='bbox 1318 2506 1406 2577; x_wconf 85' lang='lat' dir='ltr'><strong>positi,</strong></span> <span class='ocrx_word' id='word_1_393' title='bbox 1423 2506 1501 2575; x_wconf 90' lang='lat' dir='ltr'><strong>plane</strong></span> <span class='ocrx_word' id='word_1_394' title='bbox 1515 2521 1568 2562; x_wconf 90' lang='lat' dir='ltr'><strong>nou</strong></span> <span class='ocrx_word' id='word_1_395' title='bbox 1582 2508 1765 2578; x_wconf 84' lang='lat' dir='ltr'><strong>assurgimus.</strong></span> 
     </span>
     <span class='ocr_line' id='line_1_35' title="bbox 975 2595 1766 2670; baseline -0.003 -15"><span class='ocrx_word' id='word_1_396' title='bbox 975 2597 1023 2655; x_wconf 82' lang='lat' dir='ltr'><strong>Vel</strong></span> <span class='ocrx_word' id='word_1_397' title='bbox 1037 2608 1111 2654; x_wconf 86' lang='lat' dir='ltr'><strong>certe</strong></span> <span class='ocrx_word' id='word_1_398' title='bbox 1124 2597 1189 2653; x_wconf 92' lang='lat' dir='ltr'><strong>illud</strong></span> <span class='ocrx_word' id='word_1_399' title='bbox 1208 2597 1278 2666; x_wconf 84' lang='lat' dir='ltr'><strong>quod</strong></span> <span class='ocrx_word' id='word_1_400' title='bbox 1299 2597 1385 2670; x_wconf 76' lang='lat' dir='ltr'><strong>llopsi</strong></span> <span class='ocrx_word' id='word_1_401' title='bbox 1405 2597 1503 2654; x_wconf 89' lang='lat' dir='ltr'><strong>dicitur</strong></span> <span class='ocrx_word' id='word_1_402' title='bbox 1515 2614 1523 2651; x_wconf 76' lang='grc' dir='ltr'>ι</span> <span class='ocrx_word' id='word_1_403' title='bbox 1536 2595 1687 2653; x_wconf 73' lang='lat' dir='ltr'><strong>Posteriora</strong></span> <span class='ocrx_word' id='word_1_404' title='bbox 1708 2614 1766 2653; x_wconf 80' lang='lat' dir='ltr'><strong>tara</strong></span> 
     </span>
     <span class='ocr_line' id='line_1_36' title="bbox 974 2688 1766 2762; baseline -0.001 -16"><span class='ocrx_word' id='word_1_405' title='bbox 974 2691 1082 2762; x_wconf 78' lang='lat' dir='ltr'><strong>ridelis,</strong></span> <span class='ocrx_word' id='word_1_406' title='bbox 1111 2691 1243 2760; x_wconf 86' lang='lat' dir='ltr'><strong>signideat</strong></span> <span class='ocrx_word' id='word_1_407' title='bbox 1264 2690 1337 2761; x_wconf 82' lang='lat' dir='ltr'><strong>quad</strong></span> <span class='ocrx_word' id='word_1_408' title='bbox 1360 2691 1473 2761; x_wconf 81' lang='lat' dir='ltr'><strong>populus</strong></span> <span class='ocrx_word' id='word_1_409' title='bbox 1494 2689 1664 2757; x_wconf 75' lang='lat' dir='ltr'><strong>luteorum,</strong></span> <span class='ocrx_word' id='word_1_410' title='bbox 1685 2688 1766 2761; x_wconf 79' lang='lat' dir='ltr'><strong>eujus</strong></span> 
     </span>
     <span class='ocr_line' id='line_1_37' title="bbox 976 2780 1766 2855; baseline -0.004 -16"><span class='ocrx_word' id='word_1_411' title='bbox 976 2784 1080 2855; x_wconf 79' lang='lat' dir='ltr'><strong>Mogses</strong></span> <span class='ocrx_word' id='word_1_412' title='bbox 1093 2796 1164 2837; x_wconf 90' lang='lat' dir='ltr'><strong>nune</strong></span> <span class='ocrx_word' id='word_1_413' title='bbox 1177 2795 1319 2853; x_wconf 85' lang='lat' dir='ltr'><strong>personam</strong></span> <span class='ocrx_word' id='word_1_414' title='bbox 1335 2782 1415 2852; x_wconf 89' lang='lat' dir='ltr'><strong>gerit,</strong></span> <span class='ocrx_word' id='word_1_415' title='bbox 1432 2781 1527 2837; x_wconf 89' lang='lat' dir='ltr'><strong>ultimo</strong></span> <span class='ocrx_word' id='word_1_416' title='bbox 1540 2788 1663 2851; x_wconf 90' lang='lat' dir='ltr'><strong>temporo</strong></span> <span class='ocrx_word' id='word_1_417' title='bbox 1674 2780 1766 2837; x_wconf 89' lang='lat' dir='ltr'><strong>credi·</strong></span> 
     </span>
     <span class='ocr_line' id='line_1_38' title="bbox 976 2869 1766 2943; baseline -0.001 -13"><span class='ocrx_word' id='word_1_418' title='bbox 976 2875 1028 2930; x_wconf 92' lang='lat' dir='ltr'><strong>turi</strong></span> <span class='ocrx_word' id='word_1_419' title='bbox 1049 2882 1139 2930; x_wconf 85' lang='lat' dir='ltr'><strong>esseut</strong></span> <span class='ocrx_word' id='word_1_420' title='bbox 1153 2889 1214 2929; x_wconf 89' lang='lat' dir='ltr'><strong>eum</strong></span> <span class='ocrx_word' id='word_1_421' title='bbox 1235 2873 1263 2929; x_wconf 93' lang='lat' dir='ltr'><strong>in</strong></span> <span class='ocrx_word' id='word_1_422' title='bbox 1278 2881 1364 2943; x_wconf 86' lang='lat' dir='ltr'><strong>petra,</strong></span> <span class='ocrx_word' id='word_1_423' title='bbox 1380 2871 1432 2928; x_wconf 89' lang='lat' dir='ltr'><strong>boc</strong></span> <span class='ocrx_word' id='word_1_424' title='bbox 1445 2880 1496 2939; x_wconf 87' lang='lat' dir='ltr'><strong>est,</strong></span> <span class='ocrx_word' id='word_1_425' title='bbox 1513 2871 1691 2929; x_wconf 85' lang='lat' dir='ltr'><strong>insoliditate</strong></span> <span class='ocrx_word' id='word_1_426' title='bbox 1706 2869 1766 2929; x_wconf 78' lang='lat' dir='ltr'><strong>ddei</strong></span> 
     </span>
     <span class='ocr_line' id='line_1_39' title="bbox 975 2962 1766 3036; baseline 0 -15"><span class='ocrx_word' id='word_1_427' title='bbox 975 2964 1152 3023; x_wconf 85' lang='lat' dir='ltr'><strong>consisterent</strong></span> <span class='ocrx_word' id='word_1_428' title='bbox 1168 2983 1174 3019; x_wconf 93' lang='lat'>:</span> <span class='ocrx_word' id='word_1_429' title='bbox 1190 2963 1299 3036; x_wconf 87' lang='lat' dir='ltr'><strong>quaudo</strong></span> <span class='ocrx_word' id='word_1_430' title='bbox 1313 2978 1423 3019; x_wconf 87' lang='lat' dir='ltr'><strong>manum</strong></span> <span class='ocrx_word' id='word_1_431' title='bbox 1441 2977 1528 3029; x_wconf 90' lang='lat' dir='ltr'><strong>suam,</strong></span> <span class='ocrx_word' id='word_1_432' title='bbox 1553 2962 1580 3018; x_wconf 88' lang='lat' dir='ltr'><strong>ld</strong></span> <span class='ocrx_word' id='word_1_433' title='bbox 1603 2971 1648 3020; x_wconf 85' lang='grc' dir='ltr'><strong>εει</strong></span> <span class='ocrx_word' id='word_1_434' title='bbox 1668 2971 1766 3034; x_wconf 83' lang='lat' dir='ltr'><strong>poten·</strong></span> 
     </span>
    </p>
   </div>
   <div class='ocr_carea' id='block_1_5' title="bbox 132 3052 1769 3954">
    <p class='ocr_par' dir='ltr' id='par_1_5' title="bbox 134 3052 1767 3495">
     <span class='ocr_line' id='line_1_40' title="bbox 134 3052 1766 3130; baseline -0.003 -15"><span class='ocrx_word' id='word_1_435' title='bbox 134 3059 189 3115; x_wconf 85' lang='lat' dir='ltr'><strong>bris</strong></span> <span class='ocrx_word' id='word_1_436' title='bbox 202 3059 268 3130; x_wconf 87' lang='lat' dir='ltr'><strong>legis</strong></span> <span class='ocrx_word' id='word_1_437' title='bbox 284 3057 459 3129; x_wconf 85' lang='lat' dir='ltr'><strong>multiplicata</strong></span> <span class='ocrx_word' id='word_1_438' title='bbox 479 3065 552 3123; x_wconf 93' lang='lat' dir='ltr'><strong>sunt,</strong></span> <span class='ocrx_word' id='word_1_439' title='bbox 575 3065 602 3113; x_wconf 96' lang='lat' dir='ltr'><strong>et</strong></span> <span class='ocrx_word' id='word_1_440' title='bbox 616 3059 643 3112; x_wconf 87' lang='lat' dir='ltr'><strong>iu</strong></span> <span class='ocrx_word' id='word_1_441' title='bbox 658 3056 775 3129; x_wconf 80' lang='lat' dir='ltr'><strong>quinque</strong></span> <span class='ocrx_word' id='word_1_442' title='bbox 787 3059 924 3116; x_wconf 83' lang='lat' dir='ltr'><strong>uolumina</strong></span> <span class='ocrx_word' id='word_1_443' title='bbox 977 3058 1040 3113; x_wconf 90' lang='lat' dir='ltr'><strong>tiam</strong></span> <span class='ocrx_word' id='word_1_444' title='bbox 1055 3071 1132 3112; x_wconf 87' lang='lat' dir='ltr'><strong>suam</strong></span> <span class='ocrx_word' id='word_1_445' title='bbox 1148 3055 1337 3112; x_wconf 74' lang='lat' dir='ltr'><strong>monstraverit</strong></span> <span class='ocrx_word' id='word_1_446' title='bbox 1352 3053 1449 3125; x_wconf 88' lang='lat' dir='ltr'><strong>populo</strong></span> <span class='ocrx_word' id='word_1_447' title='bbox 1469 3052 1636 3110; x_wconf 75' lang='lat' dir='ltr'><strong>iudeorum.</strong></span> <span class='ocrx_word' id='word_1_448' title='bbox 1651 3052 1766 3123; x_wconf 76' lang='lat' dir='ltr'><strong>Quidam</strong></span> 
     </span>
     <span class='ocr_line' id='line_1_41' title="bbox 134 3144 1765 3221; baseline 0.001 -19"><span class='ocrx_word' id='word_1_449' title='bbox 134 3149 161 3205; x_wconf 90' lang='lat' dir='ltr'><strong>in</strong></span> <span class='ocrx_word' id='word_1_450' title='bbox 177 3150 235 3221; x_wconf 89' lang='lat' dir='ltr'><strong>lege</strong></span> <span class='ocrx_word' id='word_1_451' title='bbox 249 3147 470 3218; x_wconf 81' lang='lat' dir='ltr'><strong>multiplicantur.</strong></span> <span class='ocrx_word' id='word_1_452' title='bbox 484 3146 569 3204; x_wconf 83' lang='lat' dir='ltr'><strong>sicet</strong></span> <span class='ocrx_word' id='word_1_453' title='bbox 581 3156 697 3219; x_wconf 82' lang='lat' dir='ltr'><strong>quatuor</strong></span> <span class='ocrx_word' id='word_1_454' title='bbox 713 3149 869 3220; x_wconf 81' lang='lat' dir='ltr'><strong>Euangeliis</strong></span> <span class='ocrx_word' id='word_1_455' title='bbox 882 3151 924 3206; x_wconf 92' lang='lat' dir='ltr'><strong>lu·</strong></span> <span class='ocrx_word' id='word_1_456' title='bbox 975 3151 1067 3206; x_wconf 88' lang='lat' dir='ltr'><strong>dicunt</strong></span> <span class='ocrx_word' id='word_1_457' title='bbox 1082 3155 1133 3204; x_wconf 89' lang='lat' dir='ltr'><strong>boc</strong></span> <span class='ocrx_word' id='word_1_458' title='bbox 1152 3147 1290 3219; x_wconf 87' lang='lat' dir='ltr'><strong>impletum</strong></span> <span class='ocrx_word' id='word_1_459' title='bbox 1305 3163 1375 3213; x_wconf 83' lang='lat' dir='ltr'><strong>esse,</strong></span> <span class='ocrx_word' id='word_1_460' title='bbox 1397 3147 1525 3218; x_wconf 84' lang='lat' dir='ltr'><strong>quoniam</strong></span> <span class='ocrx_word' id='word_1_461' title='bbox 1544 3147 1623 3218; x_wconf 80' lang='lat' dir='ltr'><strong>juxta</strong></span> <span class='ocrx_word' id='word_1_462' title='bbox 1638 3144 1765 3220; x_wconf 62' lang='lat' dir='ltr'><strong>treuge-</strong></span> 
     </span>
     <span class='ocr_line' id='line_1_42' title="bbox 137 3237 1767 3316; baseline 0.002 -21"><span class='ocrx_word' id='word_1_463' title='bbox 137 3241 297 3308; x_wconf 86' lang='lat' dir='ltr'><strong>scriptiunes</strong></span> <span class='ocrx_word' id='word_1_464' title='bbox 309 3255 385 3295; x_wconf 81' lang='lat' dir='ltr'><strong>norm</strong></span> <span class='ocrx_word' id='word_1_465' title='bbox 401 3238 621 3309; x_wconf 86' lang='lat' dir='ltr'><strong>multiplicantur.</strong></span> <span class='ocrx_word' id='word_1_466' title='bbox 643 3241 824 3316; x_wconf 80' lang='lat' dir='ltr'><strong>Quedrepiuto</strong></span> <span class='ocrx_word' id='word_1_467' title='bbox 837 3254 922 3299; x_wconf 84' lang='lat' dir='ltr'><strong>auteur</strong></span> <span class='ocrx_word' id='word_1_468' title='bbox 937 3237 961 3301; x_wconf 86' lang='lat' dir='ltr'>C</span> <span class='ocrx_word' id='word_1_469' title='bbox 976 3242 1042 3297; x_wconf 90' lang='lat' dir='ltr'><strong>lium</strong></span> <span class='ocrx_word' id='word_1_470' title='bbox 1067 3240 1168 3311; x_wconf 74' lang='lat' dir='ltr'><strong>iteum</strong></span> <span class='ocrx_word' id='word_1_471' title='bbox 1188 3241 1331 3311; x_wconf 81' lang='lat' dir='ltr'><strong>posteriorc</strong></span> <span class='ocrx_word' id='word_1_472' title='bbox 1358 3238 1408 3296; x_wconf 83' lang='lat' dir='ltr'><strong>liei</strong></span> <span class='ocrx_word' id='word_1_473' title='bbox 1433 3242 1506 3307; x_wconf 80' lang='lat' dir='ltr'><strong>uidit,</strong></span> <span class='ocrx_word' id='word_1_474' title='bbox 1533 3240 1560 3297; x_wconf 89' lang='lat' dir='ltr'><strong>id</strong></span> <span class='ocrx_word' id='word_1_475' title='bbox 1582 3250 1636 3310; x_wconf 84' lang='lat' dir='ltr'><strong>est,</strong></span> <span class='ocrx_word' id='word_1_476' title='bbox 1652 3256 1718 3298; x_wconf 86' lang='lat' dir='ltr'><strong>cum</strong></span> <span class='ocrx_word' id='word_1_477' title='bbox 1738 3240 1767 3299; x_wconf 89' lang='lat' dir='ltr'><strong>itt</strong></span> 
     </span>
     <span class='ocr_line' id='line_1_43' title="bbox 135 3324 1723 3406; baseline 0.006 -21"><span class='ocrx_word' id='word_1_478' title='bbox 135 3330 222 3386; x_wconf 84' lang='lat' dir='ltr'><strong>dicitu</strong></span> <span class='ocrx_word' id='word_1_479' title='bbox 240 3324 342 3401; x_wconf 80' lang='lat' dir='ltr'><strong>ilopser</strong></span> <span class='ocrx_word' id='word_1_480' title='bbox 359 3329 499 3402; x_wconf 80' lang='lat' dir='ltr'><strong>jejunarit.</strong></span> <span class='ocrx_word' id='word_1_481' title='bbox 515 3328 668 3387; x_wconf 90' lang='lat' dir='ltr'><strong>Secundum</strong></span> <span class='ocrx_word' id='word_1_482' title='bbox 684 3333 809 3389; x_wconf 90' lang='lat' dir='ltr'><strong>cumdem</strong></span> <span class='ocrx_word' id='word_1_483' title='bbox 831 3349 925 3391; x_wconf 87' lang='lat' dir='ltr'><strong>nume·</strong></span> <span class='ocrx_word' id='word_1_484' title='bbox 977 3335 1127 3406; x_wconf 87' lang='lat' dir='ltr'><strong>posteriore</strong></span> <span class='ocrx_word' id='word_1_485' title='bbox 1139 3344 1261 3404; x_wconf 88' lang='lat' dir='ltr'><strong>tempore</strong></span> <span class='ocrx_word' id='word_1_486' title='bbox 1275 3335 1302 3389; x_wconf 91' lang='lat' dir='ltr'><strong>in</strong></span> <span class='ocrx_word' id='word_1_487' title='bbox 1313 3343 1405 3390; x_wconf 86' lang='lat' dir='ltr'><strong>monte</strong></span> <span class='ocrx_word' id='word_1_488' title='bbox 1417 3349 1477 3390; x_wconf 87' lang='lat' dir='ltr'><strong>cum</strong></span> <span class='ocrx_word' id='word_1_489' title='bbox 1492 3334 1539 3393; x_wconf 90' lang='lat' dir='ltr'><strong>illo</strong></span> <span class='ocrx_word' id='word_1_490' title='bbox 1552 3335 1660 3394; x_wconf 82' lang='lat' dir='ltr'><strong>locutus</strong></span> <span class='ocrx_word' id='word_1_491' title='bbox 1674 3336 1723 3395; x_wconf 81' lang='lat' dir='ltr'><strong>sit.</strong></span> 
     </span>
     <span class='ocr_line' id='line_1_44' title="bbox 134 3419 1497 3495; baseline 0.004 -19"><span class='ocrx_word' id='word_1_492' title='bbox 134 3437 193 3476; x_wconf 85' lang='lat' dir='ltr'><strong>rurn</strong></span> <span class='ocrx_word' id='word_1_493' title='bbox 208 3429 235 3476; x_wconf 92' lang='lat' dir='ltr'><strong>et</strong></span> <span class='ocrx_word' id='word_1_494' title='bbox 250 3420 348 3485; x_wconf 88' lang='lat' dir='ltr'><strong>llelius,</strong></span> <span class='ocrx_word' id='word_1_495' title='bbox 361 3421 456 3491; x_wconf 90' lang='lat' dir='ltr'><strong>etipse</strong></span> <span class='ocrx_word' id='word_1_496' title='bbox 478 3419 606 3477; x_wconf 83' lang='lat' dir='ltr'><strong>Dominus</strong></span> <span class='ocrx_word' id='word_1_497' title='bbox 622 3420 774 3492; x_wconf 80' lang='lat' dir='ltr'><strong>jejrrnauit:</strong></span> <span class='ocrx_word' id='word_1_498' title='bbox 790 3438 840 3494; x_wconf 89' lang='lat' dir='ltr'><strong>per</strong></span> <span class='ocrx_word' id='word_1_499' title='bbox 852 3425 922 3495; x_wconf 84' lang='lat' dir='ltr'><strong>quod</strong></span> <span class='ocrx_word' id='word_1_500' title='bbox 1243 3424 1358 3482; x_wconf 82' lang='lat' dir='ltr'><strong>carot</strong></span> <span class='ocrx_word' id='word_1_501' title='bbox 1376 3424 1497 3483; x_wconf 72' lang='lat' dir='ltr'><strong>fflll·</strong></span> 
     </span>
    </p>

    <p class='ocr_par' dir='ltr' id='par_1_6' title="bbox 132 3505 1769 3954">
     <span class='ocr_line' id='line_1_45' title="bbox 132 3505 1769 3588; baseline 0.008 -23"><span class='ocrx_word' id='word_1_502' title='bbox 132 3511 285 3583; x_wconf 77' lang='lat' dir='ltr'><strong>precipitur</strong></span> <span class='ocrx_word' id='word_1_503' title='bbox 300 3509 377 3567; x_wconf 81' lang='lat' dir='ltr'><strong>nobis</strong></span> <span class='ocrx_word' id='word_1_504' title='bbox 398 3525 432 3567; x_wconf 84' lang='lat' dir='ltr'><strong>ex</strong></span> <span class='ocrx_word' id='word_1_505' title='bbox 451 3510 522 3582; x_wconf 88' lang='lat' dir='ltr'><strong>Lege</strong></span> <span class='ocrx_word' id='word_1_506' title='bbox 535 3521 563 3568; x_wconf 92' lang='lat' dir='ltr'><strong>et</strong></span> <span class='ocrx_word' id='word_1_507' title='bbox 586 3505 737 3583; x_wconf 72' lang='lat' dir='ltr'><strong>Prophetis,</strong></span> <span class='ocrx_word' id='word_1_508' title='bbox 763 3523 792 3570; x_wconf 91' lang='lat' dir='ltr'><strong>et</strong></span> <span class='ocrx_word' id='word_1_509' title='bbox 813 3516 871 3586; x_wconf 86' lang='lat' dir='ltr'><strong>ipse</strong></span> <span class='ocrx_word' id='word_1_510' title='bbox 896 3516 922 3572; x_wconf 89' lang='lat' dir='ltr'><strong>in</strong></span> <span class='ocrx_word' id='word_1_511' title='bbox 1018 3515 1204 3573; x_wconf 79' lang='lat' dir='ltr'><strong>descendente</strong></span> <span class='ocrx_word' id='word_1_512' title='bbox 1218 3527 1308 3573; x_wconf 90' lang='lat' dir='ltr'><strong>autem</strong></span> <span class='ocrx_word' id='word_1_513' title='bbox 1324 3517 1415 3588; x_wconf 78' lang='lat' dir='ltr'><strong>llopse</strong></span> <span class='ocrx_word' id='word_1_514' title='bbox 1429 3517 1463 3575; x_wconf 88' lang='lat' dir='ltr'><strong>de</strong></span> <span class='ocrx_word' id='word_1_515' title='bbox 1477 3527 1583 3586; x_wconf 85' lang='lat' dir='ltr'><strong>moute,</strong></span> <span class='ocrx_word' id='word_1_516' title='bbox 1598 3517 1685 3578; x_wconf 80' lang='lat' dir='ltr'><strong>laciee</strong></span> <span class='ocrx_word' id='word_1_517' title='bbox 1699 3518 1769 3578; x_wconf 82' lang='lat' dir='ltr'><strong>ttius</strong></span> 
     </span>
     <span class='ocr_line' id='line_1_46' title="bbox 135 3598 1769 3684; baseline 0.009 -29"><span class='ocrx_word' id='word_1_518' title='bbox 135 3600 289 3673; x_wconf 79' lang='lat' dir='ltr'><strong>Evangelio,</strong></span> <span class='ocrx_word' id='word_1_519' title='bbox 312 3608 341 3656; x_wconf 92' lang='lat' dir='ltr'><strong>ut</strong></span> <span class='ocrx_word' id='word_1_520' title='bbox 354 3598 389 3657; x_wconf 81' lang='lat' dir='ltr'><strong>ab</strong></span> <span class='ocrx_word' id='word_1_521' title='bbox 413 3600 545 3658; x_wconf 83' lang='lat' dir='ltr'><strong>universis</strong></span> <span class='ocrx_word' id='word_1_522' title='bbox 570 3600 651 3673; x_wconf 78' lang='lat' dir='ltr'><strong>buius</strong></span> <span class='ocrx_word' id='word_1_523' title='bbox 671 3604 762 3658; x_wconf 92' lang='lat' dir='ltr'><strong>muudi</strong></span> <span class='ocrx_word' id='word_1_524' title='bbox 787 3603 923 3662; x_wconf 82' lang='lat' dir='ltr'><strong>illecebris</strong></span> <span class='ocrx_word' id='word_1_525' title='bbox 977 3609 1129 3679; x_wconf 84' lang='lat' dir='ltr'><strong>glorillrata</strong></span> <span class='ocrx_word' id='word_1_526' title='bbox 1146 3607 1261 3678; x_wconf 86' lang='lat' dir='ltr'><strong>uidetur,</strong></span> <span class='ocrx_word' id='word_1_527' title='bbox 1276 3607 1325 3665; x_wconf 89' lang='lat' dir='ltr'><strong>sed</strong></span> <span class='ocrx_word' id='word_1_528' title='bbox 1340 3619 1429 3665; x_wconf 88' lang='lat' dir='ltr'><strong>tamen</strong></span> <span class='ocrx_word' id='word_1_529' title='bbox 1442 3611 1537 3682; x_wconf 86' lang='lat' dir='ltr'><strong>tegitur</strong></span> <span class='ocrx_word' id='word_1_530' title='bbox 1550 3609 1705 3680; x_wconf 70' lang='grc' dir='ltr'>ιειειιιιιιες</span> <span class='ocrx_word' id='word_1_531' title='bbox 1720 3627 1769 3684; x_wconf 83' lang='lat' dir='ltr'><strong>per</strong></span> 
     </span>
     <span class='ocr_line' id='line_1_47' title="bbox 134 3690 1768 3773; baseline 0.009 -28"><span class='ocrx_word' id='word_1_532' title='bbox 134 3690 289 3748; x_wconf 87' lang='lat' dir='ltr'><strong>ariditatem</strong></span> <span class='ocrx_word' id='word_1_533' title='bbox 316 3700 435 3748; x_wconf 88' lang='lat' dir='ltr'><strong>nostram</strong></span> <span class='ocrx_word' id='word_1_534' title='bbox 459 3702 584 3764; x_wconf 75' lang='lat' dir='ltr'><strong>uuquam</strong></span> <span class='ocrx_word' id='word_1_535' title='bbox 607 3692 710 3765; x_wconf 80' lang='lat' dir='ltr'><strong>jejunio</strong></span> <span class='ocrx_word' id='word_1_536' title='bbox 739 3700 924 3766; x_wconf 78' lang='lat' dir='ltr'><strong>temperantia</strong></span> <span class='ocrx_word' id='word_1_537' title='bbox 979 3702 1052 3770; x_wconf 80' lang='lat' dir='ltr'><strong>quod</strong></span> <span class='ocrx_word' id='word_1_538' title='bbox 1068 3700 1246 3770; x_wconf 76' lang='lat' dir='ltr'><strong>significatur,</strong></span> <span class='ocrx_word' id='word_1_539' title='bbox 1262 3699 1347 3770; x_wconf 86' lang='lat' dir='ltr'><strong>legem</strong></span> <span class='ocrx_word' id='word_1_540' title='bbox 1370 3702 1484 3773; x_wconf 77' lang='lat' dir='ltr'><strong>mystico</strong></span> <span class='ocrx_word' id='word_1_541' title='bbox 1499 3717 1560 3758; x_wconf 85' lang='lat' dir='ltr'><strong>esse</strong></span> <span class='ocrx_word' id='word_1_542' title='bbox 1573 3703 1708 3760; x_wconf 82' lang='lat' dir='ltr'><strong>velamine</strong></span> <span class='ocrx_word' id='word_1_543' title='bbox 1720 3718 1768 3759; x_wconf 83' lang='grc' dir='ltr'><strong>εε-</strong></span> 
     </span>
     <span class='ocr_line' id='line_1_48' title="bbox 134 3780 1768 3866; baseline 0.009 -30"><span class='ocrx_word' id='word_1_544' title='bbox 134 3781 319 3849; x_wconf 76' lang='lat' dir='ltr'><strong>reli-erremus,</strong></span> <span class='ocrx_word' id='word_1_545' title='bbox 345 3780 462 3854; x_wconf 83' lang='lat' dir='ltr'><strong>quaudiu</strong></span> <span class='ocrx_word' id='word_1_546' title='bbox 494 3782 623 3852; x_wconf 76' lang='lat' dir='ltr'><strong>perfectio</strong></span> <span class='ocrx_word' id='word_1_547' title='bbox 646 3782 770 3856; x_wconf 87' lang='lat' dir='ltr'><strong>becalogi</strong></span> <span class='ocrx_word' id='word_1_548' title='bbox 790 3785 857 3855; x_wconf 81' lang='lat' dir='ltr'><strong>legis</strong></span> <span class='ocrx_word' id='word_1_549' title='bbox 879 3801 926 3856; x_wconf 84' lang='lat' dir='ltr'><strong>per</strong></span> <span class='ocrx_word' id='word_1_550' title='bbox 981 3803 1102 3862; x_wconf 91' lang='lat' dir='ltr'><strong>opertam</strong></span> <span class='ocrx_word' id='word_1_551' title='bbox 1118 3800 1272 3861; x_wconf 86' lang='lat' dir='ltr'><strong>tectamque</strong></span> <span class='ocrx_word' id='word_1_552' title='bbox 1287 3791 1314 3846; x_wconf 93' lang='lat' dir='ltr'><strong>in</strong></span> <span class='ocrx_word' id='word_1_553' title='bbox 1329 3791 1463 3848; x_wconf 87' lang='lat' dir='ltr'><strong>lidelibue.</strong></span> <span class='ocrx_word' id='word_1_554' title='bbox 1478 3791 1575 3849; x_wconf 64' lang='lat' dir='ltr'><strong>&amp;emo</strong></span> <span class='ocrx_word' id='word_1_555' title='bbox 1588 3792 1688 3865; x_wconf 76' lang='lat' dir='ltr'><strong>quippe</strong></span> <span class='ocrx_word' id='word_1_556' title='bbox 1703 3794 1768 3866; x_wconf 81' lang='lat' dir='ltr'><strong>legis</strong></span> 
     </span>
     <span class='ocr_line' id='line_1_49' title="bbox 134 3873 1766 3954; baseline 0.01 -26"><span class='ocrx_word' id='word_1_557' title='bbox 134 3884 249 3944; x_wconf 79' lang='lat' dir='ltr'><strong>quatuor</strong></span> <span class='ocrx_word' id='word_1_558' title='bbox 261 3873 381 3944; x_wconf 86' lang='lat' dir='ltr'><strong>ejusdem</strong></span> <span class='ocrx_word' id='word_1_559' title='bbox 398 3873 489 3930; x_wconf 89' lang='lat' dir='ltr'><strong>mundi</strong></span> <span class='ocrx_word' id='word_1_560' title='bbox 505 3883 605 3945; x_wconf 85' lang='lat' dir='ltr'><strong>partes,</strong></span> <span class='ocrx_word' id='word_1_561' title='bbox 627 3873 653 3930; x_wconf 91' lang='lat' dir='ltr'><strong>id</strong></span> <span class='ocrx_word' id='word_1_562' title='bbox 670 3884 712 3932; x_wconf 88' lang='grc' dir='ltr'><strong>εει</strong></span> <span class='ocrx_word' id='word_1_563' title='bbox 726 3877 853 3934; x_wconf 79' lang='lat' dir='ltr'><strong>uniuerso</strong></span> <span class='ocrx_word' id='word_1_564' title='bbox 865 3879 924 3936; x_wconf 89' lang='lat' dir='ltr'><strong>orbi</strong></span> <span class='ocrx_word' id='word_1_565' title='bbox 980 3881 1062 3939; x_wconf 89' lang='lat' dir='ltr'><strong>babet</strong></span> <span class='ocrx_word' id='word_1_566' title='bbox 1081 3883 1200 3938; x_wconf 86' lang='lat' dir='ltr'><strong>scientiae</strong></span> <span class='ocrx_word' id='word_1_567' title='bbox 1219 3883 1352 3954; x_wconf 85' lang='lat' dir='ltr'><strong>gloriam,</strong></span> <span class='ocrx_word' id='word_1_568' title='bbox 1371 3883 1419 3940; x_wconf 85' lang='grc' dir='ltr'><strong>εει</strong></span> <span class='ocrx_word' id='word_1_569' title='bbox 1438 3893 1571 3941; x_wconf 84' lang='lat' dir='ltr'><strong>secretum</strong></span> <span class='ocrx_word' id='word_1_570' title='bbox 1591 3900 1645 3943; x_wconf 90' lang='lat' dir='ltr'><strong>uun</strong></span> <span class='ocrx_word' id='word_1_571' title='bbox 1671 3886 1766 3953; x_wconf 79' lang='lat' dir='ltr'><strong>babet,</strong></span> 
     </span>
    </p>
   </div>
   <div class='ocr_carea' id='block_1_6' title="bbox 136 3962 1769 4138">
    <p class='ocr_par' dir='ltr' id='par_1_7' title="bbox 136 3962 1769 4138">
     <span class='ocr_line' id='line_1_50' title="bbox 137 3962 1768 4048; baseline 0.011 -30"><span class='ocrx_word' id='word_1_572' title='bbox 137 3962 352 4032; x_wconf 72' lang='lat' dir='ltr'><strong>predicatorum,</strong></span> <span class='ocrx_word' id='word_1_573' title='bbox 377 3972 407 4019; x_wconf 91' lang='lat' dir='ltr'><strong>ut</strong></span> <span class='ocrx_word' id='word_1_574' title='bbox 421 3962 513 4018; x_wconf 89' lang='lat' dir='ltr'><strong>decem</strong></span> <span class='ocrx_word' id='word_1_575' title='bbox 527 3973 623 4033; x_wconf 80' lang='lat' dir='ltr'><strong>quater</strong></span> <span class='ocrx_word' id='word_1_576' title='bbox 642 3964 722 4020; x_wconf 92' lang='lat' dir='ltr'><strong>ducta</strong></span> <span class='ocrx_word' id='word_1_577' title='bbox 739 3964 765 4021; x_wconf 91' lang='lat' dir='ltr'><strong>in</strong></span> <span class='ocrx_word' id='word_1_578' title='bbox 778 3968 926 4040; x_wconf 85' lang='lat' dir='ltr'><strong>quadrage·</strong></span> <span class='ocrx_word' id='word_1_579' title='bbox 978 3981 1005 4029; x_wconf 90' lang='lat' dir='ltr'><strong>et</strong></span> <span class='ocrx_word' id='word_1_580' title='bbox 1024 3988 1125 4029; x_wconf 90' lang='lat' dir='ltr'><strong>cornua</strong></span> <span class='ocrx_word' id='word_1_581' title='bbox 1145 3973 1259 4029; x_wconf 90' lang='lat' dir='ltr'><strong>duorum</strong></span> <span class='ocrx_word' id='word_1_582' title='bbox 1286 3983 1530 4044; x_wconf 75' lang='lat' dir='ltr'><strong>testamentorum,</strong></span> <span class='ocrx_word' id='word_1_583' title='bbox 1551 3978 1652 4048; x_wconf 80' lang='lat' dir='ltr'><strong>quibus</strong></span> <span class='ocrx_word' id='word_1_584' title='bbox 1675 3989 1768 4036; x_wconf 86' lang='lat' dir='ltr'><strong>eontra</strong></span> 
     </span>
     <span class='ocr_line' id='line_1_51' title="bbox 136 4052 1769 4138; baseline 0.012 -30"><span class='ocrx_word' id='word_1_585' title='bbox 136 4053 265 4108; x_wconf 84' lang='lat' dir='ltr'><strong>simarum</strong></span> <span class='ocrx_word' id='word_1_586' title='bbox 281 4068 423 4108; x_wconf 84' lang='lat' dir='ltr'><strong>numerum</strong></span> <span class='ocrx_word' id='word_1_587' title='bbox 436 4052 691 4124; x_wconf 83' lang='lat' dir='ltr'><strong>signet.lorueocro</strong></span> <span class='ocrx_word' id='word_1_588' title='bbox 703 4058 802 4112; x_wconf 82' lang='lat' dir='ltr'><strong>ieased</strong></span> <span class='ocrx_word' id='word_1_589' title='bbox 815 4071 925 4114; x_wconf 77' lang='lat' dir='ltr'><strong>mortem</strong></span> <span class='ocrx_word' id='word_1_590' title='bbox 978 4064 1104 4118; x_wconf 85' lang='lat' dir='ltr'><strong>laloitatis</strong></span> <span class='ocrx_word' id='word_1_591' title='bbox 1126 4062 1251 4134; x_wconf 88' lang='lat' dir='ltr'><strong>dogmata</strong></span> <span class='ocrx_word' id='word_1_592' title='bbox 1269 4064 1367 4122; x_wconf 85' lang='lat' dir='ltr'><strong>incedit</strong></span> <span class='ocrx_word' id='word_1_593' title='bbox 1390 4076 1521 4122; x_wconf 73' lang='lat' dir='ltr'><strong>armatus.</strong></span> <span class='ocrx_word' id='word_1_594' title='bbox 1544 4066 1577 4123; x_wconf 77' lang='lat' dir='ltr'><strong>Et</strong></span> <span class='ocrx_word' id='word_1_595' title='bbox 1596 4068 1769 4138; x_wconf 71' lang='lat' dir='ltr'><strong>quotiescun·</strong></span> 
     </span>
    </p>
   </div>
   <div class='ocr_carea' id='block_1_7' title="bbox 134 4139 1769 4408">
    <p class='ocr_par' dir='ltr' id='par_1_8' title="bbox 134 4139 1769 4408">
     <span class='ocr_line' id='line_1_52' title="bbox 134 4139 1769 4231; baseline 0.013 -36"><span class='ocrx_word' id='word_1_596' title='bbox 134 4157 193 4199; x_wconf 85' lang='lat' dir='ltr'><strong>cum</strong></span> <span class='ocrx_word' id='word_1_597' title='bbox 208 4139 310 4212; x_wconf 80' lang='lat' dir='ltr'><strong>llopre,</strong></span> <span class='ocrx_word' id='word_1_598' title='bbox 324 4143 440 4196; x_wconf 85' lang='lat' dir='ltr'><strong>uriutrtcr</strong></span> <span class='ocrx_word' id='word_1_599' title='bbox 453 4144 534 4212; x_wconf 82' lang='lat' dir='ltr'><strong>iltius,</strong></span> <span class='ocrx_word' id='word_1_600' title='bbox 550 4145 685 4202; x_wconf 80' lang='lat' dir='ltr'><strong>Christum</strong></span> <span class='ocrx_word' id='word_1_601' title='bbox 711 4146 856 4219; x_wconf 76' lang='lat' dir='ltr'><strong>siguificat,</strong></span> <span class='ocrx_word' id='word_1_602' title='bbox 879 4153 924 4222; x_wconf 85' lang='lat' dir='ltr'><strong>qul</strong></span> <span class='ocrx_word' id='word_1_603' title='bbox 976 4167 1028 4223; x_wconf 80' lang='lat' dir='ltr'><strong>que</strong></span> <span class='ocrx_word' id='word_1_604' title='bbox 1044 4152 1148 4224; x_wconf 78' lang='lat' dir='ltr'><strong>lloyees</strong></span> <span class='ocrx_word' id='word_1_605' title='bbox 1164 4153 1230 4224; x_wconf 90' lang='lat' dir='ltr'><strong>logis</strong></span> <span class='ocrx_word' id='word_1_606' title='bbox 1245 4154 1377 4210; x_wconf 84' lang='lat' dir='ltr'><strong>velamina</strong></span> <span class='ocrx_word' id='word_1_607' title='bbox 1393 4157 1541 4225; x_wconf 85' lang='lat' dir='ltr'><strong>posuisset,</strong></span> <span class='ocrx_word' id='word_1_608' title='bbox 1558 4157 1676 4227; x_wconf 82' lang='lat' dir='ltr'><strong>posituro</strong></span> <span class='ocrx_word' id='word_1_609' title='bbox 1688 4172 1769 4231; x_wconf 80' lang='lat' dir='ltr'><strong>super</strong></span> 
     </span>
     <span class='ocr_line' id='line_1_53' title="bbox 134 4233 1769 4326; baseline 0.013 -38"><span class='ocrx_word' id='word_1_610' title='bbox 134 4233 213 4303; x_wconf 84' lang='lat' dir='ltr'><strong>Legis</strong></span> <span class='ocrx_word' id='word_1_611' title='bbox 228 4235 357 4299; x_wconf 81' lang='lat' dir='ltr'><strong>uuirrister,</strong></span> <span class='ocrx_word' id='word_1_612' title='bbox 373 4238 400 4288; x_wconf 88' lang='lat' dir='ltr'><strong>et</strong></span> <span class='ocrx_word' id='word_1_613' title='bbox 409 4247 470 4289; x_wconf 91' lang='lat' dir='ltr'><strong>cum</strong></span> <span class='ocrx_word' id='word_1_614' title='bbox 485 4233 542 4303; x_wconf 84' lang='lat' dir='ltr'><strong>lege</strong></span> <span class='ocrx_word' id='word_1_615' title='bbox 556 4236 625 4291; x_wconf 90' lang='lat' dir='ltr'><strong>ibat.</strong></span> <span class='ocrx_word' id='word_1_616' title='bbox 641 4237 733 4292; x_wconf 84' lang='lat' dir='ltr'><strong>liccem</strong></span> <span class='ocrx_word' id='word_1_617' title='bbox 747 4247 833 4295; x_wconf 87' lang='lat' dir='ltr'><strong>cutem</strong></span> <span class='ocrx_word' id='word_1_618' title='bbox 846 4240 923 4295; x_wconf 85' lang='lat' dir='ltr'><strong>dier:</strong></span> <span class='ocrx_word' id='word_1_619' title='bbox 976 4259 1024 4300; x_wconf 92' lang='lat' dir='ltr'><strong>cor</strong></span> <span class='ocrx_word' id='word_1_620' title='bbox 1043 4245 1196 4302; x_wconf 79' lang='lat' dir='ltr'><strong>lurcorum</strong></span> <span class='ocrx_word' id='word_1_621' title='bbox 1211 4246 1308 4317; x_wconf 82' lang='lat' dir='ltr'><strong>legitur</strong></span> <span class='ocrx_word' id='word_1_622' title='bbox 1322 4267 1329 4303; x_wconf 90' lang='lat'>:</span> <span class='ocrx_word' id='word_1_623' title='bbox 1345 4249 1380 4304; x_wconf 90' lang='lat' dir='ltr'><strong>ita</strong></span> <span class='ocrx_word' id='word_1_624' title='bbox 1398 4250 1529 4321; x_wconf 80' lang='lat' dir='ltr'><strong>loquens,</strong></span> <span class='ocrx_word' id='word_1_625' title='bbox 1545 4252 1609 4325; x_wconf 80' lang='lat' dir='ltr'><strong>legis</strong></span> <span class='ocrx_word' id='word_1_626' title='bbox 1623 4269 1677 4309; x_wconf 86' lang='grc' dir='ltr'>ιιειε</span> <span class='ocrx_word' id='word_1_627' title='bbox 1689 4254 1769 4326; x_wconf 62' lang='lat' dir='ltr'><strong>parit</strong></span> 
     </span>
     <span class='ocr_line' id='line_1_54' title="bbox 135 4321 1769 4408; baseline 0.017 -33"><span class='ocrx_word' id='word_1_628' title='bbox 135 4323 205 4378; x_wconf 86' lang='lat' dir='ltr'><strong>ideru</strong></span> <span class='ocrx_word' id='word_1_629' title='bbox 222 4322 304 4395; x_wconf 82' lang='lat' dir='ltr'><strong>lloysl</strong></span> <span class='ocrx_word' id='word_1_630' title='bbox 319 4332 346 4379; x_wconf 92' lang='lat' dir='ltr'><strong>et</strong></span> <span class='ocrx_word' id='word_1_631' title='bbox 358 4321 474 4378; x_wconf 81' lang='lat' dir='ltr'><strong>lleliaect</strong></span> <span class='ocrx_word' id='word_1_632' title='bbox 489 4323 593 4380; x_wconf 87' lang='lat' dir='ltr'><strong>bomini</strong></span> <span class='ocrx_word' id='word_1_633' title='bbox 610 4341 707 4382; x_wconf 86' lang='lat' dir='ltr'><strong>norum</strong></span> <span class='ocrx_word' id='word_1_634' title='bbox 720 4324 924 4385; x_wconf 84' lang='lat' dir='ltr'><strong>Testamentum</strong></span> <span class='ocrx_word' id='word_1_635' title='bbox 981 4336 1090 4408; x_wconf 80' lang='lat' dir='ltr'><strong>plurimu</strong></span> <span class='ocrx_word' id='word_1_636' title='bbox 1105 4338 1240 4394; x_wconf 82' lang='lat' dir='ltr'><strong>erretiuere.</strong></span> <span class='ocrx_word' id='word_1_637' title='bbox 1256 4337 1310 4395; x_wconf 88' lang='lat' dir='ltr'><strong>Sed</strong></span> <span class='ocrx_word' id='word_1_638' title='bbox 1325 4339 1350 4394; x_wconf 85' lang='lat' dir='ltr'><strong>si</strong></span> <span class='ocrx_word' id='word_1_639' title='bbox 1364 4340 1490 4399; x_wconf 79' lang='lat' dir='ltr'><strong>converri</strong></span> <span class='ocrx_word' id='word_1_640' title='bbox 1502 4331 1604 4399; x_wconf 77' lang='grc' dir='ltr'>ιεεειιιι</span> <span class='ocrx_word' id='word_1_641' title='bbox 1620 4343 1658 4401; x_wconf 81' lang='lat' dir='ltr'><strong>ad</strong></span> <span class='ocrx_word' id='word_1_642' title='bbox 1678 4342 1769 4401; x_wconf 80' lang='lat' dir='ltr'><strong>linari·</strong></span> 
     </span>
    </p>
   </div>
   <div class='ocr_carea' id='block_1_8' title="bbox 135 4411 1770 4583">
    <p class='ocr_par' dir='ltr' id='par_1_9' title="bbox 135 4411 1770 4583">
     <span class='ocr_line' id='line_1_55' title="bbox 135 4411 1770 4509; baseline 0.017 -42"><span class='ocrx_word' id='word_1_643' title='bbox 135 4411 327 4481; x_wconf 84' lang='lat' dir='ltr'><strong>signillcantur.</strong></span> <span class='ocrx_word' id='word_1_644' title='bbox 343 4411 523 4486; x_wconf 70' lang='lat' dir='ltr'><strong>Quadraginta</strong></span> <span class='ocrx_word' id='word_1_645' title='bbox 544 4428 634 4473; x_wconf 90' lang='lat' dir='ltr'><strong>autem</strong></span> <span class='ocrx_word' id='word_1_646' title='bbox 651 4419 746 4475; x_wconf 84' lang='lat' dir='ltr'><strong>diluvii</strong></span> <span class='ocrx_word' id='word_1_647' title='bbox 758 4420 838 4490; x_wconf 61' lang='lat' dir='ltr'><strong>‚plaga</strong></span> <span class='ocrx_word' id='word_1_648' title='bbox 861 4436 924 4476; x_wconf 90' lang='lat' dir='ltr'><strong>cor·</strong></span> <span class='ocrx_word' id='word_1_649' title='bbox 981 4443 1056 4495; x_wconf 75' lang='lat' dir='ltr'><strong>rrum,</strong></span> <span class='ocrx_word' id='word_1_650' title='bbox 1072 4428 1207 4484; x_wconf 78' lang='lat' dir='ltr'><strong>auderetur</strong></span> <span class='ocrx_word' id='word_1_651' title='bbox 1222 4431 1344 4487; x_wconf 84' lang='lat' dir='ltr'><strong>velamen</strong></span> <span class='ocrx_word' id='word_1_652' title='bbox 1366 4433 1513 4492; x_wconf 81' lang='lat' dir='ltr'><strong>occidentis</strong></span> <span class='ocrx_word' id='word_1_653' title='bbox 1527 4433 1770 4509; x_wconf 60' lang='lat' dir='ltr'><strong>littcemtspiri·</strong></span> 
     </span>
     <span class='ocr_line' id='line_1_56' title="bbox 136 4506 1350 4583; baseline 0.013 -22"><span class='ocrx_word' id='word_1_654' title='bbox 136 4506 289 4575; x_wconf 72' lang='lat' dir='ltr'><strong>puralium</strong></span> <span class='ocrx_word' id='word_1_655' title='bbox 312 4507 458 4579; x_wconf 85' lang='lat' dir='ltr'><strong>corporalis</strong></span> <span class='ocrx_word' id='word_1_656' title='bbox 478 4509 579 4566; x_wconf 86' lang='lat' dir='ltr'><strong>sanitas</strong></span> <span class='ocrx_word' id='word_1_657' title='bbox 603 4509 630 4566; x_wconf 94' lang='lat' dir='ltr'><strong>in</strong></span> <span class='ocrx_word' id='word_1_658' title='bbox 646 4520 735 4567; x_wconf 82' lang='lat' dir='ltr'><strong>uetere</strong></span> <span class='ocrx_word' id='word_1_659' title='bbox 760 4521 812 4577; x_wconf 86' lang='lat' dir='ltr'><strong>est,</strong></span> <span class='ocrx_word' id='word_1_660' title='bbox 838 4510 922 4583; x_wconf 85' lang='lat' dir='ltr'><strong>legem</strong></span> <span class='ocrx_word' id='word_1_661' title='bbox 978 4519 1057 4574; x_wconf 89' lang='lat' dir='ltr'><strong>tualis</strong></span> <span class='ocrx_word' id='word_1_662' title='bbox 1075 4534 1170 4576; x_wconf 80' lang='lat' dir='ltr'><strong>sensus</strong></span> <span class='ocrx_word' id='word_1_663' title='bbox 1184 4521 1350 4577; x_wconf 81' lang='lat' dir='ltr'><strong>ostendatur.</strong></span> 
     </span>
    </p>
   </div>
   <div class='ocr_carea' id='block_1_9' title="bbox 1315 4662 1665 4693">
    <p class='ocr_par' dir='ltr' id='par_1_10' title="bbox 1315 4662 1665 4693">
     <span class='ocr_line' id='line_1_57' title="bbox 1315 4662 1665 4693; baseline 0.009 -24"><span class='ocrx_word' id='word_1_664' title='bbox 1315 4663 1318 4669; x_wconf 89' lang='lat'>.</span> <span class='ocrx_word' id='word_1_665' title='bbox 1524 4662 1665 4693; x_wconf 84' lang='grc'><strong>,,,</strong></span> 
     </span>
    </p>
   </div>
   <div class='ocr_carea' id='block_1_10' title="bbox 266 4760 1638 4868">
    <p class='ocr_par' dir='ltr' id='par_1_11' title="bbox 266 4760 1638 4868">
     <span class='ocr_line' id='line_1_58' title="bbox 266 4760 1638 4868; baseline 0.021 -32"><span class='ocrx_word' id='word_1_666' title='bbox 266 4760 668 4842; x_wconf 72' lang='lat' dir='ltr'><strong>uxebantrlo</strong></span> <span class='ocrx_word' id='word_1_667' title='bbox 710 4765 774 4845; x_wconf 87' lang='lat' dir='ltr'><strong>IN</strong></span> <span class='ocrx_word' id='word_1_668' title='bbox 814 4762 1098 4850; x_wconf 81' lang='lat' dir='ltr'>TERTIUM</span> <span class='ocrx_word' id='word_1_669' title='bbox 1138 4773 1378 4855; x_wconf 83' lang='lat' dir='ltr'>LIBRUM</span> <span class='ocrx_word' id='word_1_670' title='bbox 1424 4772 1638 4868; x_wconf 77' lang='lat' dir='ltr'><strong>ttosls&#39;,</strong></span> 
     </span>
    </p>
   </div>
   <div class='ocr_carea' id='block_1_11' title="bbox 426 4913 1471 5106">
    <p class='ocr_par' dir='ltr' id='par_1_12' title="bbox 426 4913 1471 5106">
     <span class='ocr_line' id='line_1_59' title="bbox 426 4913 1471 4995; baseline 0.017 -22"><span class='ocrx_word' id='word_1_671' title='bbox 426 4913 488 4989; x_wconf 73' lang='lat' dir='ltr'><strong>Qud</strong></span> <span class='ocrx_word' id='word_1_672' title='bbox 501 4913 652 4978; x_wconf 82' lang='lat' dir='ltr'><strong>Hebraico</strong></span> <span class='ocrx_word' id='word_1_673' title='bbox 673 4918 698 4976; x_wconf 82' lang='lat' dir='ltr'>V</span> <span class='ocrx_word' id='word_1_674' title='bbox 702 4936 792 4980; x_wconf 85' lang='lat' dir='ltr'><strong>areat</strong></span> <span class='ocrx_word' id='word_1_675' title='bbox 810 4965 818 4995; x_wconf 93' lang='lat'><strong>,</strong></span> <span class='ocrx_word' id='word_1_676' title='bbox 846 4921 950 4985; x_wconf 81' lang='lat' dir='ltr'><strong>Oroece</strong></span> <span class='ocrx_word' id='word_1_677' title='bbox 965 4935 992 4986; x_wconf 86' lang='lat' dir='ltr'><strong>et</strong></span> <span class='ocrx_word' id='word_1_678' title='bbox 1008 4926 1119 4989; x_wconf 79' lang='lat' dir='ltr'><strong>Latiare</strong></span> <span class='ocrx_word' id='word_1_679' title='bbox 1146 4929 1315 4992; x_wconf 44' lang='lat' dir='ltr'><strong>liurtrtcus</strong></span> <span class='ocrx_word' id='word_1_680' title='bbox 1340 4930 1471 4994; x_wconf 84' lang='lat' dir='ltr'><strong>dieitur.</strong></span> 
     </span>
     <span class='ocr_line' id='line_1_60' title="bbox 435 5050 623 5106; baseline 0.005 -2"><span class='ocrx_word' id='word_1_681' title='bbox 435 5050 534 5106; x_wconf 75' lang='lat' dir='ltr'>CAPP.</span> <span class='ocrx_word' id='word_1_682' title='bbox 555 5050 623 5106; x_wconf 90' lang='lat' dir='ltr'><strong>l-ltt.</strong></span> 
     </span>
    </p>
   </div>
   <div class='ocr_carea' id='block_1_12' title="bbox 177 5060 1760 5234">
    <p class='ocr_par' dir='ltr' id='par_1_13' title="bbox 177 5060 1760 5234">
     <span class='ocr_line' id='line_1_61' title="bbox 938 5060 1758 5154; baseline 0.032 -39"><span class='ocrx_word' id='word_1_683' title='bbox 938 5060 1026 5123; x_wconf 84' lang='lat' dir='ltr'><strong>DDea&#39;</strong></span> <span class='ocrx_word' id='word_1_684' title='bbox 1040 5080 1097 5119; x_wconf 88' lang='lat' dir='ltr'><strong>rere</strong></span> <span class='ocrx_word' id='word_1_685' title='bbox 1105 5065 1259 5137; x_wconf 72' lang='lat' dir='ltr'><strong>justificato.</strong></span> <span class='ocrx_word' id='word_1_686' title='bbox 1283 5067 1345 5125; x_wconf 79' lang='lat' dir='ltr'><strong>[luc</strong></span> <span class='ocrx_word' id='word_1_687' title='bbox 1365 5080 1454 5126; x_wconf 90' lang='lat' dir='ltr'><strong>autern</strong></span> <span class='ocrx_word' id='word_1_688' title='bbox 1476 5082 1591 5142; x_wconf 79' lang='lat' dir='ltr'><strong>quatuor</strong></span> <span class='ocrx_word' id='word_1_689' title='bbox 1612 5079 1758 5154; x_wconf 74' lang='lat' dir='ltr'><strong>volumtas,</strong></span> 
     </span>
     <span class='ocr_line' id='line_1_62' title="bbox 177 5141 1760 5234; baseline 0.021 -38"><span class='ocrx_word' id='word_1_690' title='bbox 177 5142 279 5198; x_wconf 76' lang='lat' dir='ltr'><strong>lecerit</strong></span> <span class='ocrx_word' id='word_1_691' title='bbox 292 5152 376 5197; x_wconf 87' lang='lat' dir='ltr'><strong>cutem</strong></span> <span class='ocrx_word' id='word_1_692' title='bbox 393 5141 515 5197; x_wconf 82' lang='lat' dir='ltr'><strong>llonriuus</strong></span> <span class='ocrx_word' id='word_1_693' title='bbox 531 5143 657 5216; x_wconf 81' lang='lat' dir='ltr'><strong>diopreu,</strong></span> <span class='ocrx_word' id='word_1_694' title='bbox 673 5154 695 5199; x_wconf 85' lang='lat' dir='ltr'><strong>et</strong></span> <span class='ocrx_word' id='word_1_695' title='bbox 711 5145 811 5203; x_wconf 82' lang='lat' dir='ltr'><strong>loeutus</strong></span> <span class='ocrx_word' id='word_1_696' title='bbox 825 5160 876 5216; x_wconf 84' lang='lat' dir='ltr'><strong>est,</strong></span> <span class='ocrx_word' id='word_1_697' title='bbox 892 5160 920 5206; x_wconf 91' lang='lat' dir='ltr'><strong>et</strong></span> <span class='ocrx_word' id='word_1_698' title='bbox 974 5164 1086 5223; x_wconf 81' lang='lat' dir='ltr'><strong>quratuor</strong></span> <span class='ocrx_word' id='word_1_699' title='bbox 1098 5157 1242 5228; x_wconf 82' lang='lat' dir='ltr'><strong>Evangelia</strong></span> <span class='ocrx_word' id='word_1_700' title='bbox 1258 5160 1373 5230; x_wconf 87' lang='lat' dir='ltr'><strong>liguram</strong></span> <span class='ocrx_word' id='word_1_701' title='bbox 1386 5164 1482 5220; x_wconf 87' lang='lat' dir='ltr'><strong>eodem</strong></span> <span class='ocrx_word' id='word_1_702' title='bbox 1495 5182 1619 5228; x_wconf 79' lang='lat' dir='ltr'><strong>uuutere.</strong></span> <span class='ocrx_word' id='word_1_703' title='bbox 1636 5173 1760 5234; x_wconf 68' lang='lat' dir='ltr'><strong>lienem</strong></span> 
     </span>
    </p>
   </div>
   <div class='ocr_carea' id='block_1_13' title="bbox 135 5234 1760 5328">
    <p class='ocr_par' dir='ltr' id='par_1_14' title="bbox 135 5234 1760 5328">
     <span class='ocr_line' id='line_1_63' title="bbox 135 5234 1760 5328; baseline 0.02 -41"><span class='ocrx_word' id='word_1_704' title='bbox 135 5234 248 5304; x_wconf 79' lang='lat' dir='ltr'><strong>reliqua.</strong></span> <span class='ocrx_word' id='word_1_705' title='bbox 272 5235 313 5290; x_wconf 79' lang='lat' dir='ltr'><strong>Ab</strong></span> <span class='ocrx_word' id='word_1_706' title='bbox 335 5235 466 5303; x_wconf 81' lang='lat' dir='ltr'><strong>alluuibus</strong></span> <span class='ocrx_word' id='word_1_707' title='bbox 489 5234 648 5307; x_wconf 82' lang='lat' dir='ltr'><strong>interrogari</strong></span> <span class='ocrx_word' id='word_1_708' title='bbox 670 5236 758 5305; x_wconf 89' lang='lat' dir='ltr'><strong>solet,</strong></span> <span class='ocrx_word' id='word_1_709' title='bbox 779 5240 801 5294; x_wconf 88' lang='lat' dir='ltr'><strong>ti</strong></span> <span class='ocrx_word' id='word_1_710' title='bbox 825 5241 921 5311; x_wconf 80' lang='lat' dir='ltr'><strong>aliquis</strong></span> <span class='ocrx_word' id='word_1_711' title='bbox 975 5244 1093 5300; x_wconf 86' lang='lat' dir='ltr'><strong>nonium</strong></span> <span class='ocrx_word' id='word_1_712' title='bbox 1109 5261 1173 5303; x_wconf 88' lang='lat' dir='ltr'><strong>roro</strong></span> <span class='ocrx_word' id='word_1_713' title='bbox 1193 5258 1278 5304; x_wconf 91' lang='lat' dir='ltr'><strong>totum</strong></span> <span class='ocrx_word' id='word_1_714' title='bbox 1300 5252 1493 5323; x_wconf 80' lang='lat' dir='ltr'><strong>Euangelium,</strong></span> <span class='ocrx_word' id='word_1_715' title='bbox 1513 5258 1579 5328; x_wconf 71' lang='lat' dir='ltr'><strong>uuis</strong></span> <span class='ocrx_word' id='word_1_716' title='bbox 1598 5261 1760 5324; x_wconf 70' lang='lat' dir='ltr'><strong>ventem</strong></span> 
     </span>
    </p>
   </div>
   <div class='ocr_carea' id='block_1_14' title="bbox 134 5327 921 5404">
    <p class='ocr_par' dir='ltr' id='par_1_15' title="bbox 134 5327 921 5404">
     <span class='ocr_line' id='line_1_64' title="bbox 134 5327 921 5404; baseline 0.014 -27"><span class='ocrx_word' id='word_1_717' title='bbox 134 5327 202 5383; x_wconf 92' lang='lat' dir='ltr'><strong>urdo</strong></span> <span class='ocrx_word' id='word_1_718' title='bbox 215 5328 269 5394; x_wconf 87' lang='lat' dir='ltr'><strong>tit,</strong></span> <span class='ocrx_word' id='word_1_719' title='bbox 285 5329 329 5398; x_wconf 86' lang='lat' dir='ltr'><strong>qul</strong></span> <span class='ocrx_word' id='word_1_720' title='bbox 353 5327 423 5382; x_wconf 84' lang='lat' dir='ltr'><strong>bunc</strong></span> <span class='ocrx_word' id='word_1_721' title='bbox 438 5327 559 5383; x_wconf 91' lang='lat' dir='ltr'><strong>ordinem</strong></span> <span class='ocrx_word' id='word_1_722' title='bbox 576 5328 742 5384; x_wconf 78' lang='lat' dir='ltr'><strong>voluminum</strong></span> <span class='ocrx_word' id='word_1_723' title='bbox 759 5330 824 5400; x_wconf 87' lang='lat' dir='ltr'><strong>legis</strong></span> <span class='ocrx_word' id='word_1_724' title='bbox 839 5332 921 5404; x_wconf 87' lang='lat' dir='ltr'><strong>sigui-</strong></span> 
     </span>
    </p>
   </div>
   <div class='ocr_carea' id='block_1_15' title="bbox 136 5336 1760 5488">
    <p class='ocr_par' dir='ltr' id='par_1_16' title="bbox 136 5336 1760 5488">
     <span class='ocr_line' id='line_1_65' title="bbox 975 5336 1760 5427; baseline 0.036 -36"><span class='ocrx_word' id='word_1_725' title='bbox 975 5336 1056 5392; x_wconf 88' lang='lat' dir='ltr'><strong>mium</strong></span> <span class='ocrx_word' id='word_1_726' title='bbox 1077 5347 1173 5395; x_wconf 81' lang='lat' dir='ltr'><strong>novata</strong></span> <span class='ocrx_word' id='word_1_727' title='bbox 1192 5341 1235 5398; x_wconf 83' lang='lat' dir='ltr'><strong>lex</strong></span> <span class='ocrx_word' id='word_1_728' title='bbox 1257 5346 1461 5415; x_wconf 88' lang='lat' dir='ltr'><strong>iuterpretatur.</strong></span> <span class='ocrx_word' id='word_1_729' title='bbox 1477 5348 1532 5406; x_wconf 88' lang='lat' dir='ltr'><strong>Sed</strong></span> <span class='ocrx_word' id='word_1_730' title='bbox 1546 5352 1760 5427; x_wconf 58' lang='lat' dir='ltr'><strong>neutuna.</strong></span> 
     </span>
     <span class='ocr_line' id='line_1_66' title="bbox 136 5416 920 5488; baseline 0.014 -20"><span class='ocrx_word' id='word_1_731' title='bbox 136 5416 246 5484; x_wconf 84' lang='lat' dir='ltr'><strong>bearet;</strong></span> <span class='ocrx_word' id='word_1_732' title='bbox 263 5416 333 5488; x_wconf 79' lang='lat' dir='ltr'><strong>quod</strong></span> <span class='ocrx_word' id='word_1_733' title='bbox 349 5417 383 5472; x_wconf 90' lang='lat' dir='ltr'><strong>ita</strong></span> <span class='ocrx_word' id='word_1_734' title='bbox 399 5418 532 5474; x_wconf 80' lang='lat' dir='ltr'><strong>soluitur:</strong></span> <span class='ocrx_word' id='word_1_735' title='bbox 548 5418 613 5485; x_wconf 84' lang='lat' dir='ltr'><strong>Quia</strong></span> <span class='ocrx_word' id='word_1_736' title='bbox 630 5418 742 5476; x_wconf 88' lang='lat' dir='ltr'><strong>Genesis</strong></span> <span class='ocrx_word' id='word_1_737' title='bbox 757 5422 835 5477; x_wconf 82' lang='lat' dir='ltr'><strong>istam</strong></span> <span class='ocrx_word' id='word_1_738' title='bbox 855 5440 920 5479; x_wconf 89' lang='lat' dir='ltr'><strong>scn-</strong></span> 
     </span>
    </p>
   </div>
   <div class='ocr_carea' id='block_1_16' title="bbox 137 5428 1764 5607">
    <p class='ocr_par' dir='ltr' id='par_1_17' title="bbox 137 5428 1764 5607">
     <span class='ocr_line' id='line_1_67' title="bbox 720 5428 1760 5511; baseline 0.035 -39"><span class='ocrx_word' id='word_1_739' title='bbox 720 5500 723 5505; x_wconf 87' lang='lat'><em>.</em></span> <span class='ocrx_word' id='word_1_740' title='bbox 974 5428 1108 5495; x_wconf 83' lang='lat' dir='ltr'><strong>qrromodo</strong></span> <span class='ocrx_word' id='word_1_741' title='bbox 1126 5430 1297 5499; x_wconf 77' lang='lat' dir='ltr'><strong>supradictus</strong></span> <span class='ocrx_word' id='word_1_742' title='bbox 1320 5434 1386 5491; x_wconf 89' lang='lat' dir='ltr'><strong>ordo</strong></span> <span class='ocrx_word' id='word_1_743' title='bbox 1406 5436 1468 5493; x_wconf 87' lang='lat' dir='ltr'><strong>iruic</strong></span> <span class='ocrx_word' id='word_1_744' title='bbox 1490 5439 1581 5499; x_wconf 79' lang='lat' dir='ltr'><strong>ordiri</strong></span> <span class='ocrx_word' id='word_1_745' title='bbox 1596 5445 1760 5511; x_wconf 77' lang='grc' dir='ltr'>ιειειιιιεει</span> 
     </span>
     <span class='ocr_line' id='line_1_68' title="bbox 137 5506 1764 5607; baseline 0.022 -49"><span class='ocrx_word' id='word_1_746' title='bbox 137 5507 247 5562; x_wconf 89' lang='lat' dir='ltr'><strong>tentiam</strong></span> <span class='ocrx_word' id='word_1_747' title='bbox 266 5506 415 5579; x_wconf 73' lang='lat' dir='ltr'><strong>significat,</strong></span> <span class='ocrx_word' id='word_1_748' title='bbox 431 5523 482 5578; x_wconf 77' lang='lat' dir='ltr'><strong>quta</strong></span> <span class='ocrx_word' id='word_1_749' title='bbox 498 5507 616 5565; x_wconf 88' lang='lat' dir='ltr'><strong>dicitur:</strong></span> <span class='ocrx_word' id='word_1_750' title='bbox 635 5508 688 5566; x_wconf 79' lang='lat' dir='ltr'><strong>Lea</strong></span> <span class='ocrx_word' id='word_1_751' title='bbox 709 5508 814 5567; x_wconf 82' lang='lat' dir='ltr'><strong>Dorrriui</strong></span> <span class='ocrx_word' id='word_1_752' title='bbox 829 5515 921 5569; x_wconf 80' lang='lat' dir='ltr'><strong>iurrurr-</strong></span> <span class='ocrx_word' id='word_1_753' title='bbox 974 5519 1125 5575; x_wconf 83' lang='lat' dir='ltr'><strong>conueniat.</strong></span> <span class='ocrx_word' id='word_1_754' title='bbox 1143 5521 1219 5589; x_wconf 81' lang='lat' dir='ltr'><strong>Quod</strong></span> <span class='ocrx_word' id='word_1_755' title='bbox 1249 5524 1285 5579; x_wconf 84' lang='lat' dir='ltr'><strong>tta</strong></span> <span class='ocrx_word' id='word_1_756' title='bbox 1316 5524 1460 5585; x_wconf 88' lang='lat' dir='ltr'><strong>dicendum</strong></span> <span class='ocrx_word' id='word_1_757' title='bbox 1484 5545 1540 5602; x_wconf 83' lang='lat' dir='ltr'><strong>est,</strong></span> <span class='ocrx_word' id='word_1_758' title='bbox 1563 5538 1639 5607; x_wconf 71' lang='lat' dir='ltr'><strong>qued</strong></span> <span class='ocrx_word' id='word_1_759' title='bbox 1664 5541 1764 5603; x_wconf 66' lang='lat' dir='ltr'><strong>mm</strong></span> 
     </span>
    </p>
   </div>
   <div class='ocr_carea' id='block_1_17' title="bbox 136 5593 1764 5881">
    <p class='ocr_par' dir='ltr' id='par_1_18' title="bbox 136 5593 1764 5881">
     <span class='ocr_line' id='line_1_69' title="bbox 137 5593 1764 5698; baseline 0.024 -52"><span class='ocrx_word' id='word_1_760' title='bbox 137 5593 384 5653; x_wconf 81' lang='lat' dir='ltr'><strong>rulatucouucrteur</strong></span> <span class='ocrx_word' id='word_1_761' title='bbox 398 5599 507 5653; x_wconf 80' lang='lat' dir='ltr'><strong>unimur.</strong></span> <span class='ocrx_word' id='word_1_762' title='bbox 526 5598 649 5667; x_wconf 81' lang='lat' dir='ltr'><strong>lt&#39;rodus,</strong></span> <span class='ocrx_word' id='word_1_763' title='bbox 671 5603 829 5673; x_wconf 88' lang='lat' dir='ltr'><strong>sapientiam</strong></span> <span class='ocrx_word' id='word_1_764' title='bbox 851 5621 921 5676; x_wconf 73' lang='lat' dir='ltr'><strong>prat·</strong></span> <span class='ocrx_word' id='word_1_765' title='bbox 974 5610 1104 5666; x_wconf 88' lang='lat' dir='ltr'><strong>sententia</strong></span> <span class='ocrx_word' id='word_1_766' title='bbox 1131 5613 1215 5682; x_wconf 87' lang='lat' dir='ltr'><strong>prima</strong></span> <span class='ocrx_word' id='word_1_767' title='bbox 1254 5613 1351 5674; x_wconf 85' lang='lat' dir='ltr'><strong>Genesi</strong></span> <span class='ocrx_word' id='word_1_768' title='bbox 1376 5633 1533 5694; x_wconf 83' lang='lat' dir='ltr'><strong>coaptatur,</strong></span> <span class='ocrx_word' id='word_1_769' title='bbox 1558 5629 1627 5698; x_wconf 73' lang='lat' dir='ltr'><strong>uuis</strong></span> <span class='ocrx_word' id='word_1_770' title='bbox 1651 5631 1764 5693; x_wconf 61' lang='lat' dir='ltr'><strong>(lucete</strong></span> 
     </span>
     <span class='ocr_line' id='line_1_70' title="bbox 138 5685 1764 5792; baseline 0.025 -61"><span class='ocrx_word' id='word_1_771' title='bbox 138 5685 349 5751; x_wconf 84' lang='lat' dir='ltr'><strong>stansparrulls.</strong></span> <span class='ocrx_word' id='word_1_772' title='bbox 373 5688 506 5745; x_wconf 79' lang='lat' dir='ltr'><strong>leviticus</strong></span> <span class='ocrx_word' id='word_1_773' title='bbox 527 5698 610 5755; x_wconf 79' lang='lat' dir='ltr'><strong>vero,</strong></span> <span class='ocrx_word' id='word_1_774' title='bbox 626 5691 830 5762; x_wconf 84' lang='lat' dir='ltr'><strong>demonstraus,</strong></span> <span class='ocrx_word' id='word_1_775' title='bbox 852 5712 920 5766; x_wconf 75' lang='lat' dir='ltr'><strong>prro·</strong></span> <span class='ocrx_word' id='word_1_776' title='bbox 973 5701 1095 5756; x_wconf 88' lang='lat' dir='ltr'><strong>enuntiat</strong></span> <span class='ocrx_word' id='word_1_777' title='bbox 1110 5704 1199 5768; x_wconf 84' lang='lat' dir='ltr'><strong>orunia</strong></span> <span class='ocrx_word' id='word_1_778' title='bbox 1214 5705 1296 5764; x_wconf 82' lang='lat' dir='ltr'><strong>uerbo</strong></span> <span class='ocrx_word' id='word_1_779' title='bbox 1319 5708 1367 5767; x_wconf 79' lang='lat' dir='ltr'><strong>bet</strong></span> <span class='ocrx_word' id='word_1_780' title='bbox 1383 5729 1445 5771; x_wconf 85' lang='lat' dir='ltr'><strong>esso</strong></span> <span class='ocrx_word' id='word_1_781' title='bbox 1467 5728 1578 5786; x_wconf 77' lang='lat' dir='ltr'><strong>create,¹</strong></span> <span class='ocrx_word' id='word_1_782' title='bbox 1601 5736 1666 5792; x_wconf 78' lang='lat' dir='ltr'><strong>uoce</strong></span> <span class='ocrx_word' id='word_1_783' title='bbox 1685 5723 1764 5782; x_wconf 58' lang='lat' dir='ltr'><strong>tede.</strong></span> 
     </span>
     <span class='ocr_line' id='line_1_71' title="bbox 136 5770 1764 5881; baseline 0.029 -54"><span class='ocrx_word' id='word_1_784' title='bbox 136 5770 360 5838; x_wconf 75' lang='lat' dir='ltr'><strong>remorabuntur</strong></span> <span class='ocrx_word' id='word_1_785' title='bbox 383 5776 545 5837; x_wconf 88' lang='lat' dir='ltr'><strong>illuminans.</strong></span> <span class='ocrx_word' id='word_1_786' title='bbox 567 5778 699 5841; x_wconf 85' lang='lat' dir='ltr'><strong>ilumerus</strong></span> <span class='ocrx_word' id='word_1_787' title='bbox 718 5799 800 5853; x_wconf 88' lang='lat' dir='ltr'><strong>uero,</strong></span> <span class='ocrx_word' id='word_1_788' title='bbox 822 5788 918 5851; x_wconf 73' lang='lat' dir='ltr'><strong>turnicio</strong></span> <span class='ocrx_word' id='word_1_789' title='bbox 974 5806 1006 5845; x_wconf 93' lang='lat' dir='ltr'><strong>co</strong></span> <span class='ocrx_word' id='word_1_790' title='bbox 1033 5792 1074 5848; x_wconf 83' lang='lat' dir='ltr'><strong>lox</strong></span> <span class='ocrx_word' id='word_1_791' title='bbox 1095 5801 1147 5852; x_wconf 90' lang='lat' dir='ltr'><strong>est.</strong></span> <span class='ocrx_word' id='word_1_792' title='bbox 1175 5793 1203 5850; x_wconf 94' lang='lat' dir='ltr'><strong>ln</strong></span> <span class='ocrx_word' id='word_1_793' title='bbox 1228 5790 1280 5851; x_wconf 84' lang='lat' dir='ltr'><strong>illa</strong></span> <span class='ocrx_word' id='word_1_794' title='bbox 1297 5813 1401 5876; x_wconf 81' lang='lat' dir='ltr'><strong>quorpre</strong></span> <span class='ocrx_word' id='word_1_795' title='bbox 1434 5807 1586 5868; x_wconf 86' lang='lat' dir='ltr'><strong>auintarum</strong></span> <span class='ocrx_word' id='word_1_796' title='bbox 1611 5817 1764 5881; x_wconf 81' lang='lat' dir='ltr'><strong>corrrcrsio.</strong></span> 
     </span>
    </p>
   </div>
   <div class='ocr_carea' id='block_1_18' title="bbox 0 0 1915 6116">
    <p class='ocr_par' dir='ltr' id='par_1_19' title="bbox 0 0 1915 6116">
     <span class='ocr_line' id='line_1_72' title="bbox 0 0 1915 6116; baseline 0 0"><span class='ocrx_word' id='word_1_797' title='bbox 0 0 1915 6116; x_wconf 95' lang='lat' dir='ltr'><strong> </strong></span> 
     </span>
    </p>
   </div>
  </div>
 </body>
</html>
