3794 6120
60 280 121 341 alls

464 279 496 336 lu
516 277 795 337 reatolltt'clltu
817 270 1063 337 tLOlttlElllottll.
1083 312 1118 323 -
1137 281 1297 341 uenuste.

1643 282 1698 338 lib

59 398 175 457 maium.
192 394 293 451 Bonum
310 401 399 449 aulem
411 401 514 448 tautum
531 395 618 464 primo
631 392 764 448 viderunt.
778 387 853 457 Qiind
869 389 892 444 Α
907 387 968 447 liter
977 400 1066 448 aulem
1079 394 1128 450 ltoe
1138 404 1300 466 praeceptum
1314 395 1436 451 Cbrislus
1447 397 1553 466 accipit,
1569 407 1596 452 et
1607 414 1655 451 nus
1668 399 1695 454 in

59 501 154 548 auten
168 495 335 545 consuerunt
356 485 418 542 iniia
435 484 488 552 bei,
514 485 646 555 signiticat
659 483 730 554 quod
745 482 857 537 immur-

61 580 195 639 talitatem
224 576 424 647 relinquentem
450 575 574 645 quodqne
599 575 650 646 ipsi
674 582 856 637 consuerunt,

61 673 229 730 laboriosam
265 671 400 741 sigttibcat
426 670 521 737 ritum,
550 678 588 735 ut,
616 669 649 723 lo
676 669 779 734 sardare,
803 677 857 723 ete.

61 767 196 835 Quodque
223 764 257 820 de
284 764 506 833 ambabusdicit,
533 763 857 830 Carrrnrrnnt,idolorum

60 861 198 930 significat
215 861 436 930 cooperationem
453 860 478 915 in
494 861 728 930 transgressione:
744 859 782 914 rel
798 858 857 914 lolia

61 951 106 1008 lici
122 968 228 1017 amara,
243 952 450 1006 amaritudinem
463 950 617 1022 signilieunt
628 950 766 1005 vindictae.
781 948 858 1016 Quod

60 1045 232 1101 autemdicit
246 1045 310 1114 [alia
326 1044 379 1114 fici,
403 1043 486 1098 mtrlla
508 1043 571 1099 dieil
587 1042 657 1116 ligna
678 1043 704 1098 in
726 1042 859 1110 paradiso.

61 1136 197 1204 Quodque
211 1136 352 1190 barnoinum
369 1135 588 1190 deambulantem
604 1133 761 1203 dicil,quasi
777 1133 860 1187 insta·

59 1228 143 1285 bilem
167 1228 304 1297 signilieat
329 1227 489 1297 ejectionem
522 1226 627 1281 illorum
655 1225 689 1282 de
724 1224 859 1294 paradiso,

58 1319 153 1377 ellici
168 1320 300 1375 amilium
323 1321 358 1375 ab
382 1318 445 1375 illis
460 1319 543 1374 inisse
556 1318 687 1374 ablatum.
703 1319 743 1372 Ad
755 1333 857 1383 aeram,

908 480 953 535 illo
975 486 1126 554 accepimus
1141 486 1219 555 :quio
1245 487 1425 557 unusquisqne
1449 485 1616 542 Cirristianns
1641 503 1697 544 litlll

909 570 1054 642 incongrue
1068 584 1155 643 gestat
1170 591 1309 645 personam
1323 574 1422 629 Cbrisli
1435 575 1697 641 alicnatoalienato

909 661 990 732 fecisti
1005 664 1049 717 trini
1061 681 1094 719 ex
1119 666 1160 721 llis
1183 666 1295 720 trriaimir
1320 667 1392 731 meis,
1409 667 1471 720 nribi
1491 668 1583 738 [eristi.
1595 667 1696 724 llicilttr

908 767 972 822 ergo
985 754 1035 824 llll,
1045 754 1096 810 bae
1108 769 1147 812 εει
1159 758 1255 812 latrinis:
1270 758 1310 813 Ee
1321 759 1389 813 antini
1401 759 1470 831 liqna
1485 761 1600 830 paradisi
1612 777 1696 816 carne·

908 845 962 900 der.
979 849 1054 913 Quod
1069 850 1254 919 significantur
1276 852 1429 922 spirituales
1452 855 1566 920 delicie,
1595 855 1696 909 iruclns

909 941 1083 1010 suspiritus,
1096 943 1222 1007 alteritas,
1242 959 1302 1012 par,
1320 953 1347 997 et
1362 945 1472 1014 reliqua.
1487 945 1548 999 Nan
1564 959 1698 1018 tartpaorr

909 1036 1006 1104 liparam
1019 1033 1129 1088 ariaratiae
1142 1033 1201 1087 botri
1214 1043 1236 1087 et
1253 1034 1313 1087 taali
1332 1035 1358 1087 in
1372 1035 1455 1089 inedie
1469 1036 1592 1107 paradisi,
1605 1036 1629 1090 id
1645 1045 1696 1098 εει,

910 1142 944 1180 ne
957 1125 1071 1180 velimus
1082 1125 1223 1195 superbire
1238 1123 1270 1179 de
1292 1135 1388 1180 natura
1404 1126 1507 1180 arbitrii
1524 1128 1621 1192 riustri,
1637 1145 1697 1197 titire

910 1216 997 1271 inedia
1018 1222 1070 1282 εει,
1093 1224 1121 1269 ut
1142 1215 1246 1285 decepti
1266 1216 1407 1285 presentia
1428 1217 1489 1272 bani
1516 1220 1696 1285 experiantur,

909 1315 935 1360 el
949 1307 1023 1361 maii.
1039 1306 1156 1377 Serpens
1177 1316 1266 1361 aulem
1292 1306 1337 1362 ille
1360 1307 1460 1363 indicat
1480 1308 1626 1375 diabolum,
1653 1313 1697 1378 nui

59 1415 113 1468 rire
128 1416 166 1467 ad
176 1430 321 1482 suenone·
336 1412 456 1468 ostendit
468 1413 539 1481 nirnd
560 1413 598 1466 sic
614 1413 685 1466 renis
696 1412 776 1474 Deus,
792 1411 860 1465 slent
911 1395 973 1451 iride
988 1411 1100 1467 serpens
1113 1396 1219 1462 dicitnr,
1236 1399 1306 1466 arrad
1326 1399 1437 1455 volubili
1453 1411 1577 1456 versetur
1590 1403 1697 1457 astralia.

60 1505 167 1561 inrerrit
183 1519 358 1572 nrmrrtqnam.
375 1503 437 1558 Post
460 1504 604 1567 trieridiera,
619 1501 643 1556 id
660 1511 713 1568 εει,
728 1510 788 1570 post
807 1500 859 1553 im·
911 1487 961 1543 Pel
976 1489 1450 1561 11111111111111111111111111111·1111011
1466 1507 1514 1563 W
1528 1495 1624 1559 11111111·
1638 1497 1698 1566 qnia

61 1595 259 1650 mortalitatem
275 1595 429 1663 despectam
445 1594 556 1648 abillis.
583 1592 610 1646 ln
638 1608 671 1647 ea
689 1591 761 1659 qttad
785 1590 859 1655 dicit,
912 1599 964 1638 non
975 1592 1063 1654 polest
1077 1585 1145 1640 ratio
1159 1594 1249 1641 nostra
1266 1585 1369 1657 seduci,
1385 1585 1436 1641 nisi
1457 1590 1622 1658 praecedente
1637 1605 1698 1645 car·

60 1683 197 1740 lta-aredio
211 1685 278 1755 lieni
293 1685 421 1751 paradisi,
438 1683 588 1738 ostenditur
610 1681 775 1752 quodetiam
790 1694 860 1734 nunc
913 1676 965 1729 nali
984 1674 1171 1731 delectatione.

58 1775 87 1830 ia
103 1775 180 1829 illius
200 1776 307 1844 propria
332 1775 478 1843 voluntale,
499 1775 520 1827 si
535 1774 615 1827 ritum
632 1787 665 1827 an
681 1780 794 1827 martem
807 1769 854 1824 eli·
949 1767 1046 1824 Tribus
1068 1779 1155 1824 autem
1173 1770 1258 1826 modis
1274 1780 1412 1842 peceatum
1426 1774 1623 1829 committitur:
1651 1776 1701 1831 de·

59 1874 148 1938 geret.
179 1863 334 1936 Vaeoritqur
355 1863 480 1920 Danrinor
504 1865 610 1928 Adarin,
634 1872 661 1917 et
683 1860 807 1926 necarit,
829 1869 857 1914 et
910 1860 1066 1930 lactatione,
1091 1862 1272 1930 suggestione,
1294 1877 1437 1919 catrsensu.
1463 1863 1514 1920 Per
1535 1877 1699 1935 serpentem,

58 1971 115 2011 nan
129 1956 223 2024 ejecit.
239 1955 325 2012 sicet
339 1970 403 2025 crgo
418 1954 542 2009 doctores
557 1954 635 2009 decet
646 1953 720 2021 juxta
735 1950 855 2018 regulam
909 1954 1104 2025 strggestinoem
1122 1955 1288 2025 accipimus;
1305 1972 1352 2027 per
1375 1959 1525 2022 mulierem.
1553 1954 1695 2016 aniiaalem

60 2046 168 2102 bomini
182 2045 284 2102 locere.
305 2045 390 2102 liertc
406 2055 495 2100 antem
521 2045 649 2100 convenit
672 2044 737 2112 diei,
755 2043 804 2098 llll
819 2059 856 2108 er,
908 2045 1027 2114 eorporis
1041 2060 1164 2114 sensum;
1179 2048 1330 2116 parvinum,
1344 2050 1486 2105 rationem.
1509 2050 1626 2121 Serpens
1639 2067 1700 2109 sttu-

58 2140 126 2195 darn
141 2140 294 2197 absmndit.
309 2139 359 2195 llil
372 2157 409 2204 er,
425 2140 531 2194 Adanu?
546 2137 670 2194 Forsitan
685 2153 738 2194 uno
750 2139 858 2192 nornine
909 2140 964 2206 det,
986 2138 1128 2195 delectatio
1137 2139 1314 2209 obtemperat,
1326 2142 1394 2198 ratio
1405 2144 1546 2199 consentit.
1563 2144 1700 2200 ilaraiiter

60 2232 174 2287 vocarit
184 2232 246 2287 iilos
258 2231 354 2296 Adarin,
368 2230 429 2299 attia
442 2245 523 2284 unum
536 2228 594 2284 ilios
606 2226 693 2298 junxit
709 2233 857 2296 peccatam.
908 2240 997 2284 autem
1007 2244 1117 2299 serpens
1131 2231 1181 2286 iste
1196 2233 1339 2287 versutiam
1354 2232 1541 2290 baereticorum
1557 2235 1696 2298 latentem,

61 2322 346 2389 alienaealienae
366 2331 455 2391 stactes
480 2329 535 2377 tres
559 2319 712 2390 significant
736 2318 806 2387 qarob
832 2318 857 2371 in
910 2329 936 2374 el
950 2336 1017 2377 nora
1030 2320 1215 2390 exquirentem
1230 2321 1371 2391 sigtrilieat.
1394 2322 1444 2379 Per
1468 2324 1639 2380 Salomonem
1662 2339 1699 2379 er

60 2416 151 2472 robae
164 2415 272 2484 legalius
283 2414 413 2484 peccarit.
429 2413 546 2468 Verbum
559 2420 650 2466 autem
665 2424 784 2480 presens
800 2423 858 2474 per·
911 2427 1024 2486 persona
1037 2413 1223 2469 hereticorum
1243 2413 1341 2469 dicitnr
1357 2430 1365 2468 :
1382 2414 1462 2484 Anne
1482 2413 1584 2482 farcire
1595 2413 1697 2469 drotma-

59 2508 245 2564 sereraotian
270 2506 296 2560 in
324 2504 440 2560 rioilicta
458 2503 601 2573 siguificat.
618 2501 694 2558 Sicut
709 2509 795 2555 autent
812 2515 859 2570 per
910 2523 951 2563 rer
965 2514 1036 2577 rorat,
1049 2515 1073 2561 et
1089 2507 1163 2575 ponis
1186 2505 1349 2561 absconditos
1364 2507 1458 2560 sooria.
1477 2505 1557 2561 Eritis
1571 2509 1637 2562 aierit
1650 2507 1697 2561 dii.

60 2601 152 2654 airum
167 2607 197 2654 et
212 2596 353 2652 mulierem
369 2605 396 2652 ει
408 2605 560 2664 serpentem
575 2600 603 2649 ει
614 2594 714 2663 lienum
730 2592 859 2661 repetitur
910 2595 956 2654 Sie
970 2608 998 2653 et
1011 2596 1129 2653 universi
1141 2597 1302 2666 generaliter
1316 2596 1437 2653 baeretici
1453 2598 1602 2654 birinitatis
1617 2602 1698 2655 meri·

62 2693 90 2748 ia
104 2692 210 2748 munda
224 2704 311 2755 mors,
327 2690 367 2745 sic
381 2703 429 2761 per
452 2690 538 2743 virum
562 2696 590 2742 et
608 2686 747 2744 mulierem
762 2693 789 2738 et
804 2699 860 2738 ser·
911 2694 966 2740 tum
989 2685 1155 2754 profitentur,
1179 2688 1367 2755 promittentes
1389 2688 1527 2743 oculorum
1551 2691 1696 2745 carnalium

62 2795 176 2854 parem
197 2790 227 2840 ct
252 2783 353 2852 ligiritm
369 2781 457 2838 crucis
470 2781 524 2835 rita
541 2780 642 2848 perdita
658 2782 685 2835 in
700 2777 770 2834 coeln
784 2791 860 2843 repa·
910 2777 1088 2846 apertionem,
1115 2791 1149 2832 ne
1173 2777 1285 2832 interior
1312 2777 1406 2832 aculus
1430 2777 1599 2834 obscuretur.
1629 2778 1698 2833 litte

63 2884 150 2930 rator.
167 2871 258 2928 Prirua
274 2872 424 2939 increpatio
433 2880 475 2927 est
485 2871 512 2925 io
526 2884 559 2925 eo
570 2869 641 2941 quod
656 2870 721 2925 dicit
736 2884 745 2925 :
762 2867 811 2923 llll
821 2884 858 2936 es,
911 2871 1003 2925 mollier
1018 2872 1131 2951 {reolum
1151 2875 1183 2924 ale
1199 2872 1268 2940 lipara
1290 2880 1314 2924 et
1337 2872 1457 2926 contraiit.
1484 2870 1598 2927 Facilius
1625 2870 1698 2927 eninr

63 2966 173 3021 aaa?
197 2963 322 3021 Secunda
339 2963 424 3031 :Quia
449 2961 570 3016 indicauit
584 2960 649 3015 tibi?
674 2959 774 3024 Ttartia,
799 2973 859 3012 cum
912 2962 1247 3034 persuadentearnnlesad
1259 2964 1431 3031 peccandum,
1442 2978 1523 3033 quam
1534 2963 1694 3032 spirituales.

62 3059 98 3113 ad
112 3058 258 3114 mulierem
274 3054 362 3111 dicit:
391 3054 479 3120 Quare
500 3053 547 3107 boc
574 3051 680 3121 [scirtii
705 3047 856 3106 Secundum
873 3087 897 3151 c
915 3055 992 3109 Dedit
1007 3056 1062 3110 niro
1076 3071 1137 3117 rua,
1150 3055 1193 3122 qui
1205 3055 1325 3109 comedit.
1340 3055 1407 3122 Quia
1420 3063 1480 3124 past
1494 3054 1697 3112 delectationem

64 3147 409 3220 baneregnlamdoctares
426 3147 503 3201 dcccl
524 3159 571 3211 lter
591 3153 632 3199 ter
652 3143 800 3212 lttctetltrtt·
827 3141 861 3196 Et
911 3147 1026 3205 sarrralis
1047 3145 1271 3214 eoncupiscentia·
1294 3147 1376 3202 etiam
1406 3148 1474 3202 ratio
1498 3147 1645 3217 subjicitur
1662 3148 1696 3202 ad

64 3243 89 3295 ri
106 3242 196 3297 ctiam
211 3254 263 3295 tran
274 3239 311 3294 sic
323 3238 411 3308 egerit
425 3235 622 3305 poeninitentiam,
637 3235 744 3306 ejicitur
759 3234 792 3290 de
812 3234 863 3290 Ec·
913 3241 1088 3311 peccandum.
1111 3240 1268 3295 domuerant
1281 3240 1345 3310 {alio
1360 3240 1412 3306 liei.
1436 3240 1481 3296 Sic
1500 3248 1696 3311 recantamus,

64 3331 167 3399 ciceia,
186 3340 216 3386 ut
227 3331 308 3387 Adam
331 3331 365 3386 dc
379 3329 515 3400 paradiso.
532 3329 599 3397 Quin
614 3328 696 3399 {eristi
708 3327 767 3394 lanc,
783 3328 862 3381 nrale·
911 3332 959 3402 (μή
972 3332 1099 3388 maulam
1127 3347 1248 3388 amaram
1272 3331 1480 3400 amplectuntur,
1495 3331 1622 3401 quoniam
1648 3345 1698 3401 pro

65 3425 206 3487 difflua
221 3432 249 3478 el
269 3423 380 3493 leliqua.
397 3422 472 3478 Ntrtc
486 3421 632 3491 corporalis
647 3436 759 3491 serpens
781 3436 862 3477 retre-
912 3428 1015 3498 origine
1040 3426 1184 3496 voluptatis
1205 3423 1320 3481 carnalis
1341 3425 1510 3491 sareieotnr3
1533 3426 1632 3495 quique
1650 3425 1698 3481 dc·

66 3530 132 3570 aaa
150 3515 295 3582 acceptae
317 3513 425 3578 anoton,
441 3520 469 3568 et
491 3514 563 3581 prone
584 3527 636 3566 nan
661 3511 796 3576 tribuisse,
815 3527 862 3580 oro
911 3522 982 3594 oepit
997 3521 1121 3577 neieina
1136 3521 1285 3592 praviora,
1301 3527 1328 3574 a
1342 3518 1426 3588 grain
1441 3516 1488 3573 uo
1503 3518 1605 3583 nauare,
1625 3533 1702 3573 orea-

66 3623 119 3679 {⁰⁰
131 3606 414 3663 11111111111111111111·
431 3605 480 3659 Vel
499 3604 569 3659 111111
585 3604 718 3660 1111101111
734 3604 861 3674 pertinet,
913 3614 1050 3670 daciarum
1063 3622 1195 3683 tegmenta
1210 3611 1286 3683 attasi
1303 3613 1345 3665 lici
1362 3611 1425 3666 lolia
1446 3611 1585 3680 eolligunt,
1600 3611 1698 3666 lacien-

68 3694 229 3751 fllaletlicltls
244 3694 353 3758 dieitur,
367 3693 427 3763 111111
451 3692 636 3762 lloellllellllssm
650 3708 732 3763 118110
747 3710 800 3750 ¹⁸0ss
815 3709 863 3763 ιθ·
913 3713 954 3760 ιεε
967 3704 1017 3760 sibi
1034 3705 1210 3759 succinctoria
1233 3701 1382 3770 pravitatis,
1399 3716 1459 3757 eum
1474 3701 1508 3755 de
1524 3700 1642 3756 Ecclesia
1656 3702 1699 3756 rel

68 3798 128 3847 lest.
141 3789 219 3845 later
232 3788 321 3842 anania
334 3788 485 3854 urrinnando,
499 3787 525 3841 id
540 3796 591 3856 εει,
606 3787 669 3857 qula
683 3800 759 3841 suam
772 3801 862 3843 serva·
908 3791 946 3849 de
961 3793 1067 3848 Christo
1082 3793 1170 3846 tuittus
1185 3792 1300 3858 penula
1325 3790 1477 3861 loquuntur.
1494 3787 1557 3844 Cuor
1569 3791 1702 3843 audissent

66 3891 160 3936 reram
175 3888 316 3935 naturam.
339 3876 373 3933 Et
390 3877 481 3932 bertier
495 3887 581 3938 terra.
602 3877 627 3932 id
651 3885 703 3944 εει,
728 3877 860 3933 baminet.
911 3899 996 3938 nocem
1006 3881 1109 3937 Domini
1127 3879 1347 3935 dearrrialentirin
1360 3880 1701 3950 parradiro,adanranrpmt

66 3975 150 4047 Sap„
167 3986 261 4048 pectnr
275 3987 348 4029 tunm
369 3974 504 4046 erudieris.
522 3973 640 4044 Serpens
655 3974 726 4047 enim
749 3974 861 4043 pedibus
913 3973 1055 4027 nteridieot.
1073 3971 1232 4027 beambulat
1254 3970 1323 4025 Deus
1338 3970 1363 4022 in
1378 3968 1442 4034 iilis,
1458 3982 1510 4022 nati
1527 3969 1625 4035 stabat,
1638 3969 1699 4039 qttia

64 4077 126 4124 ante
146 4068 201 4121 boe
215 4066 357 4123 ambulare
371 4066 482 4133 dieitur,
498 4067 568 4136 quod
586 4065 721 4122 allirmare
742 4081 795 4122 non
810 4081 861 4120 an-
913 4064 939 4117 in
954 4070 1087 4131 praecepta
1113 4059 1183 4115 illius
1194 4074 1247 4116 non
1268 4058 1386 4114 stabant.
1403 4057 1435 4112 Et
1449 4057 1517 4113 bena
1544 4058 1584 4119 ad,
1602 4074 1694 4114 auram

65 4160 123 4216 deo.
142 4157 180 4214 Et
194 4169 293 4214 temam
307 4159 435 4223 comedar,
461 4157 557 4224 idest,
579 4157 670 4227 pulvis
683 4158 802 4227 serpenti
818 4158 859 4213 bi·
914 4162 975 4223 post
1001 4152 1150 4218 meridiem,
1173 4151 1236 4222 quia
1264 4150 1298 4206 ab
1325 4149 1379 4216 illia
1404 4149 1576 4207 reiterabatur
1591 4149 1638 4205 lar
1653 4152 1698 4207 illa

64 4252 220 4307 annaliter.
235 4250 324 4305 Donec
336 4249 468 4304 reuerteris
479 4251 505 4304 io
519 4260 622 4316 terrem,
640 4250 666 4305 id
679 4259 732 4314 est,
743 4251 768 4305 in
783 4264 860 4320 para·
914 4245 1059 4303 ferventior
1067 4243 1197 4312 veritatis,
1208 4243 1482 4314 appropinquantibus
1490 4257 1613 4300 ermrum
1626 4255 1702 4301 tene·

65 4343 165 4407 dmm,
186 4342 214 4397 iu
242 4353 344 4397 terram
368 4355 549 4397 cinnamuncm.
568 4340 636 4408 Qnie
664 4341 748 4408 pelais
775 4358 812 4406 er,
834 4349 862 4396 et
914 4337 979 4392 bris.
996 4336 1189 4392 absconderunt
1202 4353 1239 4402 re,
1253 4346 1282 4392 et
1298 4336 1411 4406 reliqua.
1424 4336 1452 4393 in
1477 4337 1566 4395 media
1589 4354 1703 4410 namque

66 4435 180 4503 rdinum
212 4432 243 4488 ln
264 4433 316 4487 bac
342 4432 492 4487 astertditnr
518 4433 579 4497 auia
601 4433 681 4500 jarina
705 4431 767 4486 vitae
798 4431 858 4485 luit.
875 4428 979 4498 [tligrti
993 4441 1023 4481 se
1037 4427 1190 4496 abscondit,
1210 4427 1255 4498 qrri
1270 4427 1472 4492 versusabeo,
1490 4425 1517 4483 in
1531 4429 1633 4485 erroris
1660 4432 1702 4487 sui

66 4522 122 4580 bon
136 4524 238 4579 eudem
253 4533 343 4578 autem
360 4522 455 4578 ordios
475 4522 596 4588 increpat
613 4532 639 4575 et
659 4520 803 4575 maledicit.
821 4520 862 4576 ln·
915 4531 994 4593 atque
1009 4522 1112 4578 arbitrii
1124 4522 1303 4578 voluntatibus
1318 4521 1395 4578 nlrlt.
1411 4521 1518 4577 torna
1531 4533 1617 4578 nalem
1632 4524 1701 4580 deur

64 4624 156 4683 erepat
169 4613 246 4668 eoiot
262 4615 347 4668 viram
360 4613 486 4681 primum,
500 4622 526 4668 ει
537 4611 635 4667 deinde
646 4612 797 4666 mulierem.
810 4612 863 4667 Sed
914 4614 1008 4677 Adam,
1019 4623 1043 4668 et
1055 4613 1130 4678 dixit,
1138 4612 1186 4669 llll
1196 4614 1243 4669 erl
1253 4614 1322 4684 Erga
1330 4628 1383 4669 non
1391 4613 1588 4684 desperandum
1597 4615 1705 4686 estqui-

65 4704 116 4762 lae
128 4706 287 4761 differentia
300 4704 400 4773 culpe,
416 4712 445 4760 et
458 4718 538 4758 carisa
560 4703 697 4774 proiectus
711 4703 784 4759 lacit.
807 4704 862 4759 lla·
913 4699 1029 4756 buslibet
1042 4698 1237 4769 peecatoribus,
1246 4700 1308 4754 dum
1317 4699 1402 4770 etipsi
1410 4699 1483 4771 impii
1490 4700 1524 4755 ad
1535 4701 1703 4770 spemindul·

66 4794 193 4851 iudicitur
206 4803 300 4849 statera
318 4808 442 4863 serpens,
458 4793 555 4849 deiirde
579 4795 685 4849 molier.
711 4793 861 4850 Novissime
912 4791 1207 4862 geritircprotoeanlur.
1221 4789 1419 4847 Diciturautem
1427 4798 1488 4861 pasl
1499 4790 1558 4847 baec
1570 4791 1698 4861 serpenti,

67 4899 155 4945 auen
177 4887 234 4953 ειν,
250 4887 400 4944 seeundum
423 4888 546 4942 ordinem
561 4887 647 4955 eulpae
667 4896 695 4942 et
706 4888 862 4943 delectatio·
914 4885 1068 4941 llaletiatar
1081 4901 1109 4940 er
1128 4885 1195 4939 inter
1210 4885 1296 4939 anania
1306 4885 1448 4939 ammonio
1458 4894 1552 4939 terra:
1566 4900 1644 4953 super
1656 4899 1701 4952 pe·

67 4977 116 5033 als.
130 4978 221 5035 Adam
235 4977 271 5034 de
284 4977 408 5047 paradiso
418 4978 532 5045 elicitur,
548 4994 582 5033 ne
602 4979 701 5049 lignenm
717 4982 777 5036 tilae
787 4995 862 5036 corn·
912 4987 968 5032 clar
978 4987 1051 5031 taum
1063 4986 1086 5031 ct
1098 4987 1209 5032 uentrem
1231 4994 1313 5047 repca.
1332 4977 1451 5033 Pectoris
1466 4975 1574 5032 nomine
1595 4975 1698 5046 sipiriti-

67 5070 168 5137 ειη,
188 5078 216 5127 ει
230 5070 353 5125 mortalis
377 5079 466 5137 esset;
483 5071 547 5140 quia
558 5080 645 5125 morte
656 5069 742 5125 sanati
758 5087 860 5141 sattius,
911 5080 987 5127 eatur
999 5069 1122 5139 superbia
1142 5067 1255 5135 mentis,
1269 5069 1377 5125 nornine
1389 5078 1479 5124 autem
1493 5069 1604 5133 ventris,
1616 5068 1698 5137 sipiri-

55 5162 140 5218 relat
160 5177 219 5219 noo
233 5162 408 5233 cognovisset
427 5164 508 5218 Evam
524 5166 551 5218 ln
565 5165 699 5233 paradiso.
913 5159 1028 5216 beatitur
1039 5157 1172 5217 desideria
1186 5159 1423 5214 curttls.tluteltiut
1436 5167 1540 5213 terrem
1553 5156 1700 5225 cupiditate

100 5255 179 5311 altar
199 5268 295 5312 autern
316 5256 352 5310 de
373 5255 500 5326 paradiso
515 5256 581 5311 dicit
599 5273 608 5310 e
625 5257 767 5313 Paradisns
788 5258 863 5314 locris
912 5251 1042 5321 decipies,
1066 5252 1182 5306 amnilrar
1203 5251 1361 5305 diebusvitae
1376 5249 1702 5317 tumidestnmniteru·

67 5354 201 5403 altem
216 5346 263 5418 etri
287 5346 357 5402 nulia
384 5348 466 5401 maris
492 5347 680 5416 initerjeelione
702 5362 861 5420 senioratum
914 5359 980 5416 pore
996 5360 1049 5413 nuo
1064 5346 1120 5416 agis
1135 5346 1204 5400 bane
1223 5352 1394 5414 patestatem.
1415 5340 1583 5397 irrinticitiam
1605 5358 1702 5413 panum

67 5436 113 5493 ted
127 5438 272 5507 prudentia
284 5439 375 5494 divina
395 5439 430 5494 ab
441 5439 485 5492 illo
495 5440 671 5511 sejungimur.
913 5439 980 5493 inter
993 5447 1026 5505 te,
1041 5449 1063 5492 et
1074 5440 1216 5506 mulieraria,
1227 5450 1250 5492 ct
1262 5453 1347 5492 senten
1367 5448 1440 5490 taam
1459 5445 1483 5490 ει
1502 5451 1586 5490 rernm
1609 5436 1702 5508 tprtro

102 5527 175 5599 ignis
189 5527 273 5583 etiarn
293 5527 439 5583 Cberttbim
462 5528 495 5583 ab
509 5528 569 5584 aliis
591 5531 740 5599 corporalis
752 5532 860 5603 dicitur,
914 5533 1012 5589 Samen
1040 5533 1139 5587 diaboli
1159 5531 1295 5600 suggestio
1311 5543 1438 5600 perversa
1453 5538 1504 5586 εει.
1531 5529 1628 5586 Semen
1642 5545 1702 5586 mu·

69 5617 129 5673 dom
149 5634 300 5690 turparem
318 5618 411 5692 eiecit,
424 5635 458 5675 ue
479 5620 505 5675 in
521 5621 675 5691 paradisum
693 5636 859 5682 rotertereo·
913 5627 996 5689 lieris,
1014 5624 1041 5680 id
1067 5634 1109 5680 est
1131 5624 1239 5688 oneratis,
1271 5622 1374 5679 fructus
1388 5631 1431 5679 est
1454 5622 1518 5679 boni
1539 5623 1640 5690 operis,
1654 5624 1706 5694 qui

71 5717 126 5777 trr;
141 5711 218 5783 qnod
232 5710 313 5769 etiarn
324 5726 490 5784 magnopere
501 5727 553 5771 nou
569 5714 709 5772 continno.
726 5715 858 5790 spiritua·
915 5731 1047 5791 perreriae
1059 5716 1219 5788 suggestioni
1234 5715 1369 5774 renititur.
1385 5713 1448 5789 ipra
1460 5724 1539 5787 capnt
1554 5723 1627 5771 tanta
1640 5730 1706 5773 ran»
