3794 6120
139 276 191 331 ιρι
557 270 600 325 bt.
621 268 871 327 tunultstctlttl
891 262 935 321 s‘i·
958 265 1055 327 lists
1075 271 1168 329 eills,
1184 298 1220 317 -
1237 274 1302 333 tto
1322 274 1344 333 Ι.
1720 286 1774 343 tt!

141 382 288 455 curali]
298 380 324 435 iu
333 380 502 452 Apocalypsi,
514 378 546 433 Et
556 380 620 434 dieis
630 380 782 450 possedebat
790 379 928 441 intbrouo,
945 377 969 435 d
984 377 1033 433 bus
1055 380 1119 436 dicit
1139 400 1146 438 :
1175 382 1261 440 Videte
1280 402 1313 441 us
1330 391 1497 447 contemmis
1517 408 1598 447 suess
1617 395 1651 450 de
1670 397 1773 463 pssifs'is

142 476 210 531 licre
221 474 290 543 luein
301 474 388 526 aninlo
398 487 462 524 uem
472 474 562 542 (tusc.
572 472 641 542 aar).
655 471 821 527 Emuuctoria
830 480 933 535 autem,
982 471 1053 536 istis,
1066 475 1110 543 uui
1123 474 1150 527 in
1165 491 1205 530 ure
1218 479 1323 532 eredunt
1342 478 1451 550 (liutdu
1466 484 1554 554 usuri).
1575 486 1625 552 Qui
1647 487 1772 544 eleutrum

139 566 238 637 quibus
253 563 482 632 peragebantur,
499 563 555 630 ipsa
570 572 636 617 sunt
647 560 729 619 rerba
738 561 808 619 ascri
821 562 931 632 elomtii.
981 574 1088 626 emises,
1106 562 1133 617 iu
1147 562 1265 621 dirersis
1280 568 1340 622 licet
1353 572 1488 638 gradibus,
1502 574 1635 640 relatibus,
1651 577 1771 642 susibus.

139 657 241 727 ustibus
267 653 409 709 nrauiiesle
423 652 581 722 designatur
595 654 710 707 litterum
727 652 794 723 lepis
809 653 834 707 in
850 653 932 722 pluri·

139 752 194 807 mu
207 749 381 814 soluendam,
397 759 494 803 etcum
518 747 650 818 spirituali
672 745 840 801 solummodo
852 760 931 802 seriae

139 854 203 898 csse
226 839 399 897 sessarrdam.
415 838 436 892 E
451 836 547 906 quibus
566 848 606 892 cst
619 836 684 891 illud
699 837 724 891 in
741 835 853 892 Actibus
867 851 932 906 apu-

138 933 287 997 slulorum‚
302 930 346 987 ubi
372 932 495 1002 prulubiti
521 940 583 985 sttui
606 931 748 986 eredentes
760 945 792 985 ex
807 929 931 1000 getstibus

138 1023 456 1093 circuurcidi„ctabstpre
468 1021 633 1076 rumusculis
646 1022 790 1075 bestiarum
805 1021 928 1091 legalium

138 1115 308 1187 erasmelice
334 1118 428 1186 gratssar
449 1121 512 1169 sum
529 1112 638 1168 obedire
654 1112 790 1183 precepti.
808 1111 841 1167 Et
858 1110 929 1181 quod

140 1206 289 1279 Apostolus
303 1206 336 1259 ad
349 1205 475 1259 liebrmos
489 1219 630 1273 exponens
641 1203 803 1257 uersiculum
818 1203 928 1273 psalmi,

141 1296 190 1360 uit,
204 1296 329 1366 superius
343 1296 449 1350 diceus:
467 1294 534 1361 Ouio
548 1293 643 1347 ltost'os
658 1305 680 1347 et
692 1293 833 1346 abluitiones
846 1302 869 1345 et
884 1292 930 1344 lto·

141 1388 328 1443 meeustnsnem
343 1404 390 1455 pro
400 1397 501 1457 pesculo
513 1385 627 1450 nolui-sti,
640 1401 685 1438 suec
696 1385 790 1453 placito
801 1394 859 1436 ,ιιιιιι
872 1383 928 1453 titt,

140 1481 344 1552 prtaeseeundunt
355 1480 433 1550 lepetu
447 1478 604 1546 sufferentem
619 1490 678 1532 turre
687 1478 752 1543 disi,
767 1477 831 1531 Ecce
843 1477 926 1541 tertio,

143 1582 168 1626 st
179 1573 288 1643 [esium.
307 1570 385 1636 Dens,
403 1570 555 1624 uoluntatem
569 1581 640 1624 tuum
660 1569 754 1642 (liele.
771 1571 813 1635 ι).
839 1568 932 1622 delent

982 652 1190 721 conditionibus,
1211 657 1338 729 ingeniis,
1364 662 1544 730 temporibus,
1565 665 1610 719 riui
1630 667 1772 730 eidemeuu

983 743 1085 798 atrctori
1099 760 1131 798 ue
1142 745 1227 801 datori
1243 758 1377 817 perpetum
1393 750 1469 816 lueis,
1482 766 1530 805 surr
1542 755 1640 821 ‹ruiuue
1653 767 1771 825 tempure

982 851 1014 889 nc
1029 836 1096 905 loru,
1118 840 1193 908 rpuasi
1214 842 1374 898 rarrrle'abro
1388 858 1470 899 aureo
1491 846 1541 901 lisa
1564 849 1653 904 radice
1674 852 1770 905 userrtis

983 927 1128 995 iuberent,
1142 948 1195 1001 ques
1208 931 1327 1002 ejrssdem
1345 937 1488 1007 participes
1502 940 1568 994 luris
1584 942 1641 996 lieri
1656 945 1771 1010 possiet.

982 1018 1058 1084 Qttod
1081 1019 1205 1076 videlicet
1229 1025 1435 1090 carrrtlelabrmu.
1462 1039 1533 1084 recte
1558 1032 1687 1088 ut.·mum
1709 1039 1768 1090 astri

983 1110 1150 1167 mundissimi
1179 1112 1277 1168 babere
1305 1115 1403 1171 debere
1429 1132 1609 1186 rrrerrmratur,
1643 1125 1770 1180 tulcrrtum

984 1214 1099 1272 namque
1113 1202 1216 1270 pondus
1231 1205 1338 1272 plenum
1358 1221 1388 1260 ae
1404 1208 1550 1274 preelectum
1565 1222 1605 1265 est
1620 1228 1628 1265 ι
1646 1213 1711 1278 Qrtiu
1721 1216 1769 1284 ju·

981 1302 1037 1347 stus
1053 1290 1177 1347 Dominus
1191 1293 1218 1347 t'n
1231 1295 1345 1350 cornibus
1360 1298 1406 1350 uiis
1420 1299 1474 1351 suis
1495 1298 1605 1371 (Psulm.
1621 1309 1730 1373 cir.sr);
1745 1314 1772 1361 ιι

983 1382 1029 1453 qui
1043 1398 1117 1439 suam
1132 1387 1242 1453 prutiam
1258 1386 1284 1441 in
1301 1388 1349 1441 luae
1364 1388 1417 1443 sita
1432 1390 1566 1457 ildclibns,
1582 1404 1610 1446 ut
1624 1395 1693 1451 benc
1706 1410 1770 1463 ope·

984 1485 1086 1544 rentur,
1101 1477 1208 1544 tribuit,
1222 1480 1281 1549 ipso
1294 1494 1419 1535 cerussam
1433 1485 1544 1552 jtrstitia·
1559 1487 1585 1541 iu
1599 1487 1642 1543 i:ls
1657 1490 1709 1543 uita
1725 1493 1773 1543 bo·

985 1566 1027 1621 nis
1052 1582 1144 1623 eorum
1168 1569 1294 1639 operibus
1316 1573 1414 1627 reddit.
1442 1573 1490 1629 Cui
1514 1587 1604 1632 cotnra
1628 1579 1771 1636 Zau-basias

143 1663 270 1732 primum,
286 1670 316 1717 ul
328 1678 444 1731 sequeus
458 1671 556 1716 statuat
572 1663 620 1716 :iu
632 1678 682 1731 uun
698 1664 825 1715 tuluutnte
835 1660 932 1715 uurcd-
986 1657 1113 1727 propbeta
1136 1659 1292 1727 iniquitatem
1318 1677 1394 1730 super
1418 1665 1539 1719 tolentsuu
1563 1669 1660 1735 pteubt
1682 1671 1771 1724 sedere

146 1752 212 1821 desti
240 1769 331 1807 sumus
359 1769 404 1823 per
429 1753 583 1807 oblationem
606 1754 722 1823 torporis
741 1751 835 1807 Claristt'
854 1751 928 1805 leurs.
947 1727 970 1786 B
986 1747 1076 1816 [lucit.
1092 1746 1118 1819 s)
1132 1748 1179 1804 des
1197 1749 1275 1816 ribit;
1297 1753 1357 1821 quiin
1370 1762 1397 1807 et
1415 1755 1535 1821 repr-ubis
1551 1757 1576 1809 iu
1589 1759 1684 1813 ersrletu
1696 1760 1770 1827 judo

147 1842 317 1899 disrutsetoria
343 1855 535 1915 ergtr,eteasa
564 1844 607 1898 ubi
634 1859 695 1913 ipse
721 1853 847 1899 errrrmcta
869 1854 932 1896 suut
983 1837 1120 1906 erntniue,
1144 1841 1219 1905 jttalu
1241 1853 1317 1895 arctus
1340 1843 1457 1909 ipsorum
1482 1849 1605 1901 restituet
1626 1865 1633 1901 ε
1656 1849 1724 1915 Qsie
1743 1863 1772 1903 tu

147 1936 359 2008 exstinguuntur,
382 1935 576 1992 llutudenmo
593 1937 930 2006 purissiuro;quiactdi-
982 1931 1091 1998 redde,
1118 1930 1222 2000 iniquit.
1252 1933 1361 2003 sinpniis
1390 1936 1526 1989 secuudum
1555 1953 1631 2007 opero
1657 1939 1772 2008 ipserum

147 2026 200 2081 rina
210 2039 275 2083 suut
292 2029 384 2089 rerba.
402 2029 501 2097 «pubes
521 2027 637 2083 cessatio
652 2028 873 2081 eureurmsiarum
891 2026 929 2079 le·
982 2021 1095 2087 (Protin.
1108 2022 1175 2094 ext).
1189 2023 1241 2079 Sed
1255 2024 1345 2089 distat.
1358 2035 1446 2079 tetrum
1461 2028 1521 2097 spuis
1532 2044 1625 2085 autrum
1638 2046 1671 2084 uu
1685 2030 1771 2100 pium·

148 2116 433 2187 pliumprredicatur:
449 2128 475 2172 et
491 2117 536 2172 ilci
551 2118 712 2190 gratiosum
738 2118 868 2172 illustrata
884 2132 929 2171 eo·
982 2116 1044 2169 bum
1064 2113 1095 2166 ad
1118 2128 1229 2168 eulmen
1251 2114 1370 2169 iliriuum
1393 2116 1496 2173 alienat.
1521 2119 1569 2185 Qui
1593 2120 1663 2174 euim
1686 2122 1769 2175 instar

148 2221 198 2263 mm
221 2207 317 2275 corda,
334 2206 470 2277 inquibus
494 2209 587 2262 endem
615 2208 726 2278 ligurata
752 2207 818 2277 lepis
832 2206 928 2261 adum·
981 2207 1038 2261 auri
1053 2206 1130 2262 bunis
1145 2206 1247 2277 lulgeut
1260 2206 1402 2277 operibus,
1417 2209 1442 2265 iu
1459 2211 1647 2266 caudelabrum
1664 2212 1767 2267 batruini

147 2295 227 2354 lutatio
249 2299 332 2353 brucus
357 2298 463 2365 accipit,
481 2307 508 2351 ut
518 2295 663 2351 succedens
677 2296 813 2366 Evangelii
827 2296 928 2352 veritas
982 2299 1145 2366 proliciunt,
1171 2298 1231 2371 quiin
1255 2298 1348 2368 ploriae
1371 2314 1427 2355 sum
1452 2299 1604 2356 Crerrditurls
1627 2302 1768 2373 participes

146 2387 237 2443 ebrius
257 2387 359 2442 nrrrrrdu
375 2388 486 2442 luceret.
499 2386 609 2442 Cisttsittl
620 2388 691 2444 euim
708 2389 806 2459 prlmos
822 2400 929 2459 aptsstu·
980 2388 1110 2445 esistunt.
1125 2391 1159 2443 dt
1172 2389 1215 2457 md
1232 2390 1349 2458 peccatis
1363 2405 1457 2459 grates
1471 2390 1497 2444 iu
1513 2390 1633 2445 districto
1647 2395 1769 2447 examine

142 2477 180 2537 les
192 2482 219 2534 iu
235 2478 385 2551 Euarrgelin
400 2489 462 2534 ante
475 2478 624 2548 passionem
641 2479 800 2535 dutriiuicam
816 2480 929 2536 soluisse
980 2491 1121 2551 apparent.
1138 2482 1331 2553 demerguntur
1352 2494 1474 2551 tanquam
1497 2484 1633 2553 plumbum
1653 2485 1680 2539 iu
1699 2501 1767 2554 curru

141 2572 296 2638 sabbataus,
307 2578 406 2642 etpost
420 2571 605 2626 ascensionem
620 2570 734 2637 bomini,
746 2582 772 2626 et
786 2572 928 2626 adtentum
981 2573 1234 2642 solidissimumque
1249 2572 1344 2627 interito
1357 2573 1488 2627 scelerum
1504 2575 1529 2627 iu
1543 2573 1669 2645 abyssum
1683 2589 1767 2642 poene

136 2663 256 2736 Spiritus
288 2664 391 2730 sartcti,
419 2665 524 2735 penitus
553 2664 647 2717 bestiis
674 2664 752 2718 struem
771 2664 929 2734 imposuisse
979 2664 1114 2734 gratantis
1134 2663 1270 2719 decidunt.
1294 2663 1441 2732 Utrumque
1461 2676 1565 2728 taureu.
1586 2673 1613 2719 et
1633 2667 1766 2735 p'umluuu

136 2752 286 2829 legalibus,
303 2770 335 2810 ac
349 2756 475 2826 piraque
500 2753 564 2823 lepis
580 2755 675 2808 littere
698 2755 930 2825 decretacrange·
980 2755 1083 2811 scilieet
1101 2764 1129 2808 et
1142 2768 1256 2822 aurium,
1274 2754 1363 2809 taleuti
1380 2754 1458 2808 lubet
1480 2756 1722 2825 mensuratumque
1740 2764 1769 2810 et

133 2844 201 2904 lire
212 2851 299 2919 gratia
314 2848 446 2902 libertatis
457 2856 584 2901 rrrutasse.
599 2844 627 2901 lu
641 2846 857 2916 bisergulueinia
869 2861 929 2916 uum
981 2847 1006 2899 iu
1026 2842 1177 2897 damnando
1198 2843 1303 2913 impios,
1320 2852 1347 2897 et
1368 2842 1394 2899 iu
1415 2843 1543 2898 salvando
1563 2857 1595 2897 ac
1614 2845 1768 2900 coronando

127 2948 264 2995 emurseta
288 2948 352 2993 suut
376 2937 633 3006 exstinguebantur:
653 2936 680 2991 iu
696 2936 792 3005 quibus
808 2935 929 2990 litteralis
980 2938 1091 3001 eleetos,
1104 2935 1175 3006 iusta
1189 2944 1230 2990 est
1246 2936 1328 2990 nostri
1341 2934 1473 2989 seruientia
1486 2932 1647 2989 conditoris.

127 3031 295 3087 observatio
308 3029 441 3098 corripieta
464 3027 603 3083 exordium
617 3027 707 3098 pretim
719 3029 818 3081 lllundb
830 3026 927 3082 clarius
1018 3024 1135 3096 Inspice.
1154 3033 1178 3079 et
1201 3024 1243 3094 luc
1263 3022 1403 3076 sendradum
1423 3022 1552 3091 exeutplor
1578 3023 1648 3093 prtod
1671 3025 1716 3077 tili
1740 3026 1766 3077 ιἰι

124 3118 270 3192 fulpeutis
295 3118 423 3175 exhibuit.
449 3118 514 3174 ltem
530 3118 590 3189 quia
604 3118 677 3172 liuita
692 3116 808 3185 rumuli,
824 3127 851 3172 et
864 3131 926 3171 susc·
981 3123 1065 3170 ruente
1084 3121 1259 3195 utottstrutunt
1278 3121 1324 3166 cst.
1351 3111 1433 3182 liujus
1455 3112 1612 3182 tupsterium
1642 3115 1767 3185 precepti

124 3210 259 3267 cedente
275 3209 330 3263 rita
343 3208 497 3273 irumortali¹
509 3212 653 3264 cessabunt
672 3208 786 3264 inanima
804 3222 838 3262 ex
855 3221 929 3278 parte
981 3204 1107 3262 lucillime
1130 3220 1162 3258 cn
1185 3205 1223 3259 eis
1247 3218 1306 3272 quu
1324 3203 1447 3271 superius
1462 3202 1583 3269 exposita
1597 3214 1668 3268 court,
1684 3219 1766 3271 praru.

124 3314 228 3370 opera
256 3298 299 3353 rel
321 3297 387 3353 dona
406 3300 482 3363 lueis,
514 3297 610 3367 utribus
635 3313 705 3352 stunc
721 3297 831 3365 utimur,
847 3307 875 3351 ut
888 3313 931 3353 sc·
982 3294 1123 3349 Ostensmu
1139 3292 1393 3361 riarumreestllopsi
1410 3293 1435 3345 in
1451 3300 1541 3347 ruente
1554 3294 1763 3361 escusplurcuu·

127 3402 262 3463 quaretur
281 3401 387 3445 uterne
412 3389 520 3459 prumia
546 3390 613 3445 lucus
628 3392 653 3443 iu
670 3389 811 3458 presentia
833 3388 931 3442 dirime
982 3384 1084 3442 delubri
1097 3385 1166 3455 quud
1181 3385 1296 3448 lacerem
1313 3383 1374 3452 quia
1390 3381 1416 3436 iu
1431 3381 1570 3436 altitudine
1585 3381 1685 3437 intissrte
1698 3399 1768 3437 cosr-

131 3481 265 3538 misieuis.
287 3480 332 3536 llia
352 3480 550 3551 seripturarum
565 3479 728 3547 testimonia,
742 3494 802 3548 ptrue
816 3478 874 3533 buce
890 3477 932 3532 lu·
984 3470 1162 3541 templatiouis
1176 3468 1268 3524 didicit
1287 3481 1379 3538 aperte
1401 3468 1542 3523 utultilaria
1558 3469 1655 3527 Christi
1671 3479 1698 3525 et
1712 3468 1765 3526 sc:

136 3586 204 3629 nuru
219 3587 282 3629 esse
298 3581 442 3636 testantur,
453 3571 620 3627 emunctoria
632 3570 756 3625 nimirum
767 3579 929 3635 suutaurea,
983 3563 1073 3620 clesie
1086 3571 1250 3618 sacramenta
1261 3578 1268 3626 ;
1280 3574 1340 3631 quie
1361 3571 1449 3616 manen
1474 3575 1527 3616 uon
1548 3575 1639 3631 aperte
1654 3565 1768 3633 populo.

141 3680 208 3735 «pue
221 3679 268 3735 spe
284 3664 381 3720 lutura
395 3662 524 3719 claritatis
552 3661 664 3718 eximio.
689 3658 758 3715 Vasa
783 3675 888 3731 quoque
904 3660 930 3714 in
984 3672 1063 3728 quiem
1077 3655 1223 3720 erudiebat,
1241 3653 1359 3725 prolerre
1371 3654 1490 3719 rulebut3
1505 3657 1551 3708 sed
1571 3656 1660 3723 typice
1680 3657 1767 3722 potius

141 3758 241 3828 qurum
255 3773 288 3814 Β,
303 3772 364 3829 (μω
378 3766 501 3813 munera
517 3766 579 3811 guni
593 3754 931 3826 exsringprmuuf‚001p0;a
985 3762 1032 3816 per
1047 3746 1156 3815 liguram
1171 3754 1199 3799 et
1213 3759 1280 3812 opus
1298 3742 1451 3797 candelabri
1469 3757 1500 3796 nc
1515 3758 1639 3799 rasorum
1657 3744 1716 3811 ejus
1731 3746 1769 3799 si·

151 3851 241 3921 utique
260 3860 334 3918 sunt,
345 3861 372 3907 et
387 3850 469 3905 corda
484 3849 602 3904 osrruium
614 3849 747 3920 justorum
759 3846 931 3903 immortalia.
984 3835 1094 3907 enabat.
1111 3835 1197 3889 douec
1211 3832 1315 3888 sentiret
1335 3830 1392 3901 ipso
1407 3830 1534 3885 bertuinus
1554 3846 1585 3886 ac
1606 3832 1768 3903 liedemptur

154 3938 498 3999 Elidpofeefifflmeaupp
524 3940 683 4007 assimilata,
707 3939 734 3995 in
759 3940 856 4009 quibus
883 3954 931 3995 εχ.
985 3934 1076 3982 truslot
1091 3926 1117 3979 ill
1133 3937 1225 3985 carne,
1237 3920 1281 3992 (ilii
1296 3918 1450 3976 inlusionem
1465 3919 1584 4006 lelbdem
1601 3921 1690 3991 ssssttttu
1703 3938 1766 3977 attt-

157 4032 312 4099 optatissima
327 4034 385 4089 larc
404 4034 553 4089 irnumtatiu
574 4034 630 4099 liet,
644 4042 673 4087 ut
694 4042 754 4102 post
777 4031 932 4102 temporalia
984 4032 1044 4073 ⁸⁰⁰¹
1059 4015 1184 4070 Facilesl(e
1198 4028 1265 4079 ⁵⁰³³·
1280 4013 1340 4067 ⁶³¹³
1356 4013 1440 4066 libell
1455 4011 1568 4079 Sillim
1580 4013 1681 4083 prada,
1696 4027 1764 4066 ΜΡ·

162 4118 203 4175 pp
222 4124 348 4180 pmpcj,
362 4125 394 4180 ad
410 4136 509 4180 mem„
539 4125 704 4195 perveniam,
721 4124 838 4195 ponique
862 4127 935 4191 ppo.
985 4114 1074 4161 cerret:
1088 4113 1116 4158 ut
1129 4113 1156 4159 et
1170 4101 1307 4159 irretiendo
1318 4098 1343 4155 in
1355 4115 1435 4156 cruce
1446 4100 1533 4154 selum
1545 4100 1636 4169 terrrpli
1648 4099 1765 4165 discidit,

166 4210 235 4266 stolus
260 4215 425 4269 emuttetoria
454 4213 531 4269 nobis
556 4214 726 4269 lucernarum
751 4213 810 4280 bei,
831 4212 933 4268 etloca
984 4206 1179 4267 atqueeauue
1196 4193 1383 4249 “⁰¹²¹flifi'li
1403 4204 1669 4248 ”iiiiiissifflll'm
1694 4208 1767 4263 lile·

171 4297 444 4375 lffiuttaeemtucla
460 4315 523 4359 sunl
534 4306 748 4376 exstinguamur,
763 4321 844 4361 astrea
861 4321 930 4375 pru.
986 4287 1047 4343 lecit
1061 4305 1069 4342 :
1084 4295 1112 4342 et
1131 4293 1189 4354 put
1210 4280 1433 4338 resurrectionem
1458 4268 1597 4350 discipulo
1620 4298 1765 4352 apparens.

173 4386 215 4456 ber,
232 4408 286 4449 eum
311 4396 345 4451 ue
369 4395 520 4451 praerepta
541 4399 712 4465 pfaesenpum
736 4406 762 4452 et
781 4396 931 4452 summm„
987 4380 1089 4448 aperuit
1101 4377 1154 4431 illis
1167 4388 1285 4439 sensum,
1301 4380 1366 4428 utet
1382 4373 1438 4427 bec
1460 4380 1487 4428 et
1505 4374 1556 4428 alia
1569 4375 1767 4445 seripturarum

178 4476 280 4539 bruurun.
292 4489 417 4557 iuquiens,
427 4487 519 4543 uicem
531 4506 538 4542 :
550 4486 610 4545 spe
623 4488 763 4561 proppepoe
774 4490 934 4544 mmm,
986 4478 1089 4528 secreta
1103 4466 1273 4534 spiritualiter
1282 4462 1405 4519 revelatis
1415 4461 1499 4518 oculis
1509 4464 1605 4518 meritis
1616 4465 1768 4536 perspicere

181 4578 216 4639 itt,
225 4575 269 4630 sire
280 4577 375 4649 liupuae
388 4580 537 4647 testerbant,
551 4586 602 4635 stne
615 4581 719 4635 scientie
730 4581 873 4635 destruetur
880 4597 890 4646 ,·
903 4597 935 4635 etc

181 4672 229 4723 ivit
239 4669 298 4721 enim
309 4672 495 4742 supereminens,
506 4681 530 4725 et
540 4688 572 4725 eu
584 4680 655 4741 purte
668 4671 858 4740 prophetamus.
869 4667 933 4724 Cum

181 4762 238 4810 tabu
248 4760 335 4815 tenerit
348 4761 417 4832 quud
433 4765 571 4833 perfectum
584 4772 631 4824 est,
646 4758 807 4814 siemundum
818 4759 889 4831 qtsod
903 4776 935 4813 ex

182 4854 279 4905 ment.
293 4850 324 4905 Et
338 4854 488 4921 paulopost
504 4870 511 4905 :
531 4851 651 4906 Videmus
666 4869 732 4905 rtunc
746 4853 933 4922 perspeculatus

182 4926 336 5007 ileuipsunte,
357 4952 418 4995 tune
434 4954 517 4995 estem
535 4944 602 5014 [ncie
619 4944 653 4995 od
672 4944 773 5013 furiem.
795 4943 871 4997 dure
890 4959 932 4996 ce·

183 5038 245 5090 lituu
256 5052 284 5089 es
295 5052 384 5107 parte.
402 5048 460 5090 tnttc
473 5047 558 5091 entem
571 5053 719 5106 coquoscum
732 5038 795 5091 sicttt
809 5047 833 5091 el
847 5040 933 5108 coptu?-

183 5121 259 5178 iussu
271 5126 297 5197 (Ι
310 5128 369 5183 Cer.
389 5132 458 5198 atta).

206 5212 266 5273 liure
282 5221 383 5289 pondus
402 5218 583 5275 candelabri...
602 5219 724 5275 reludunt
742 5221 801 5274 uuri
819 5217 932 5275 moedis·

180 5296 227 5357 iul,
245 5309 324 5366 butue
343 5310 448 5381 pondus
465 5310 617 5366 candelabri
636 5325 697 5366 eum
717 5311 845 5365 universis
864 5312 934 5365 rasis

178 5392 303 5460 Quos
313 5397 522 5469 eorpustristi
538 5408 589 5469 est,
601 5416 661 5457 eum
677 5401 734 5471 ipso
744 5402 831 5470 capite
843 5409 934 5455 nostro

177 5478 292 5546 Mature
304 5492 352 5548 bei
365 5502 392 5547 et
414 5492 570 5559 lrnmiuum,
584 5500 612 5547 et
625 5491 759 5547 uniuersis
771 5491 865 5547 electis
878 5490 934 5547 suis

173 5584 316 5639 tsmutsu
332 5600 386 5654 que
399 5583 432 5639 ad
446 5584 563 5649 inllusos,
580 5585 614 5639 ab
628 5584 670 5640 iris
682 5585 777 5654 quibus
792 5584 877 5652 major
892 5583 932 5638 iu·

171 5674 200 5724 ter
210 5683 278 5729 eratus
292 5676 432 5731 mulierruu
453 5689 532 5730 neum
547 5682 587 5730 est
608 5688 690 5745 usqrrc
704 5673 737 5730 ad
753 5688 810 5743 eos,
826 5674 860 5729 de
873 5676 933 5745 quui·

987 4568 1103 4630 possent.
1120 4557 1172 4611 Sed
1187 4564 1212 4609 et
1225 4554 1312 4607 (tltlttis
1324 4551 1411 4606 scribo
1425 4550 1518 4605 dueuts
1540 4551 1566 4605 iu
1588 4568 1670 4622 repud
1683 4555 1761 4609 etelu

986 4665 1055 4715 resur,
1068 4663 1129 4703 eum
1144 4662 1175 4701 ea
1188 4659 1248 4713 utre
1262 4645 1288 4697 iu
1305 4643 1400 4697 litteris
1414 4642 1514 4698 sanetis
1526 4642 1560 4698 dc
1576 4644 1627 4699 llde
1637 4646 1767 4700 eatludiru

986 4745 1027 4799 rel
1043 4744 1085 4813 pia
1109 4743 1213 4797 actione
1226 4735 1361 4802 didicerit,
1374 4747 1401 4790 et
1415 4737 1473 4807 ipse
1485 4737 1623 4806 deligenter
1637 4739 1728 4808 sequi,
1740 4749 1768 4791 et

985 4836 1051 4889 stitus
1061 4834 1159 4889 docere
1170 4828 1331 4901 precipitur,
1340 4825 1402 4895 quid
1416 4826 1486 4880 aliud
1498 4842 1578 4895 quam
1600 4826 1731 4894 inspicere
1741 4834 1769 4879 et

987 4931 1072 4984 irruere
1085 4926 1230 4981 secutrdmu
1242 4920 1378 4989 exemerim·
1389 4917 1459 4989 quod
1471 4919 1520 4972 sibi
1533 4918 1559 4971 iu
1574 4924 1662 4971 misene
1675 4924 1768 4970 osteu-

986 5038 1044 5078 sum
1056 5029 1113 5085 est,
1126 5014 1250 5089 jubetur?
1264 5010 1371 5082 inspicit
1390 5013 1460 5066 euim
1476 5009 1616 5079 uturp-uter
1632 5006 1768 5075 esetrtplsr

986 5118 1162 5167 rnorrstratum
1172 5148 1179 5172 .
1191 5117 1217 5162 et
1232 5102 1377 5160 secuudum
1400 5103 1450 5157 lure
1472 5099 1504 5154 ud
1520 5097 1643 5154 inderiora
1659 5096 1768 5151 rediens

988 5202 1218 5275 increpandum
1234 5213 1294 5270 qttte
1309 5214 1356 5267 per
1368 5197 1560 5251 sublimitatem
1574 5189 1655 5246 divini
1666 5204 1768 5245 mutuno·

987 5303 1030 5355 nie
1040 5301 1109 5353 iutus
1119 5294 1249 5351 credenda
1261 5292 1318 5348 sire
1327 5290 1428 5362 agenda
1439 5286 1570 5355 intelligit,
1582 5280 1674 5338 sedulo
1686 5281 1768 5336 eorde

985 5401 1119 5450 scr-ututur
1134 5406 1142 5443 s
1158 5390 1305 5455 uarumque
1324 5394 1431 5451 semper
1449 5376 1586 5445 exerrsplar
1604 5373 1769 5428 auditoribus

983 5463 1769 5541 surtsetesseeudmerecuopeduetrerbodnetrlueeutu·

986 5577 1051 5632 turis
1063 5570 1194 5636 ostende
1210 5566 1254 5638 qui
1269 5565 1334 5621 risit
1348 5571 1376 5619 et
1389 5570 1480 5627 repnut
1495 5573 1554 5612 coru
1569 5557 1647 5612 l'stre
1659 5566 1687 5612 et
1702 5554 1771 5611 Filio

987 5691 1037 5730 ιιιιι
1048 5684 1108 5726 etun
1121 5664 1222 5737 Spiritu
1235 5669 1339 5730 sarecto,
1348 5656 1374 5714 iu
1384 5657 1481 5715 ucula
1492 5654 1661 5709 mediorum.
1675 5652 1761 5708 dmeu
