3794 6120
120 240 172 297 trs
371 234 471 292 uros
492 228 718 287 reuersurus
739 227 880 287 occano
902 227 991 285 raus
1011 229 1042 284 n.
1060 258 1092 271 --
1109 215 1302 287 ctrcauci
1322 216 1483 290 crudus.
1695 231 1750 292 aas

120 371 179 411 rum
201 351 394 407 verstenlnrum
416 348 547 403 coooerio
567 347 626 401 talis
641 356 680 399 est
694 363 701 399 ι
716 346 764 411 Qui
779 345 906 398 bonusest
921 341 1076 402 tantoris
1096 344 1202 399 iunctus
1216 342 1315 405 allicio,
1331 344 1432 413 indiget
1447 343 1695 412 praedilectionis.
1712 347 1751 403 llo

121 463 174 501 non
188 443 298 498 coaddit
309 438 515 510 etrgttrrionttrns
528 439 601 503 sais,
616 438 663 492 sed
679 436 782 492 liomini
796 437 907 505 gratiam
959 430 1034 500 cujus
1047 432 1198 487 dilectionis
1221 445 1311 502 parte,
1326 448 1357 488 ea
1372 448 1433 503 que
1447 434 1480 487 ad
1496 435 1646 499 proximum
1661 438 1754 504 perti·

121 534 226 602 qumrit,
242 545 273 584 ae
295 544 341 600 per
363 530 434 582 iiam
458 528 566 596 accipit,
580 534 609 581 ut
635 526 679 593 pie
700 529 789 581 risere
815 526 907 595 quierit.
960 527 1024 588 net,
1039 522 1232 590 subsequenter
1251 523 1371 592 adiungit
1385 541 1391 576 :
1404 521 1528 578 -llscit
1545 527 1633 595 justus
1650 528 1752 582 animas

123 625 172 687 Qui
187 630 269 674 nutent
285 618 481 690 capitationibus
495 619 547 672 suis
559 619 677 685 eortridir,
692 618 777 672 bouus
791 632 850 672 esse
864 632 910 672 ue·
956 613 1131 683 jumentorum
1145 628 1261 667 suorum.
1278 613 1305 667 Μ
1319 622 1370 678 0⁸¹·
1392 613 1533 669 miserem?
1544 624 1571 669 el
1588 619 1754 686 compatitur

123 713 189 778 quit.
206 710 271 764 Nato
286 711 332 779 qui
347 709 459 778 gratiam
475 707 584 776 superni
599 707 736 777 rldjntoris
752 719 843 777 petere
857 723 910 762 nnn
963 699 1110 756 habitudini
1131 717 1163 757 ac
1182 702 1316 772 fragilitati
1333 705 1513 771 proximorum
1529 705 1579 759 sibi
1594 709 1756 763 conrutissn-

122 809 207 864 cnrat,
229 801 324 854 merito
345 801 370 852 iu
387 799 469 869 impia
489 797 551 854 sctit
563 812 596 852 ne
623 798 913 867 perdurat-lluiier
962 806 1033 845 rutn-
1047 820 1082 832 -
1100 791 1203 845 Viscera
1225 804 1311 846 autem
1333 795 1471 862 impiarum
1491 796 1616 850 crudelia.
1632 799 1684 864 Qui
1700 814 1755 854 ooo

122 892 241 961 diligero,
256 905 350 943 corona
371 889 425 943 uiro
450 905 507 954 ruo,
522 897 573 943 cte.
591 889 665 942 l‘atet
686 889 781 943 littere
805 902 911 954 sensus,
962 882 1048 936 solum
1073 897 1125 936 noa
1151 885 1350 952 compatiuntur
1364 884 1488 951 subditis,
1504 886 1551 939 sed
1576 886 1659 942 etiarn
1678 889 1753 957 iusta

124 983 185 1051 quia
202 981 297 1035 mulier
315 981 383 1034 lmus
397 987 425 1034 et
443 991 517 1034 casta
534 980 662 1033 honorem
689 979 747 1033 rito
771 979 871 1047 berebet
885 978 912 1034 in
963 972 1015 1026 ltus
1026 974 1097 1041 ottod
1113 971 1239 1027 Dominus
1251 973 1288 1027 ait
1301 991 1308 1027 t
1322 973 1475 1028 Percutiunt
1490 991 1583 1046 pueros
1595 988 1619 1030 er
1632 979 1756 1048 ancilias,

124 1073 259 1135 omuibus,
276 1071 387 1141 citraque
408 1069 552 1123 virtutibus
577 1070 634 1137 ipsa
655 1069 764 1122 doraum
786 1068 854 1123 irene
869 1081 912 1122 re·
964 1069 1084 1132 dicenter,
1097 1067 1198 1123 lloram
1212 1070 1273 1137 [neit
1285 1067 1409 1123 bantinus
1423 1086 1493 1124 meus
1506 1071 1680 1143 uenireldtte.
1695 1072 1756 1144 an).

125 1176 201 1230 gens,
215 1161 290 1230 qnasi
306 1160 420 1230 gratism
435 1158 508 1213 adtlit
521 1173 646 1220 corouae3
662 1167 689 1211 at
703 1172 768 1211 tero
781 1157 913 1223 adultera,
963 1157 1060 1222 -Qui
1074 1168 1194 1228 operatur
1208 1167 1301 1213 tetram
1322 1175 1405 1223 suom,
1422 1170 1476 1215 etc.
1498 1162 1547 1226 Qui
1564 1171 1675 1218 exercet
1698 1168 1757 1217 sui·

129 1256 175 1308 etsi
198 1253 262 1307 loris
282 1253 401 1320 speciosa
427 1252 600 1320 parebimus
622 1249 706 1304 letare
729 1250 843 1304 luxuriae
865 1263 913 1304 sua
964 1262 1035 1301 mam
1049 1261 1124 1302 suam
1137 1248 1318 1317 spiritualibus
1331 1250 1439 1317 studiis,
1454 1261 1480 1305 et
1493 1266 1565 1306 nune
1580 1253 1758 1320 uirtutum‚et

128 1348 243 1400 tnrtttbta
269 1344 431 1414 coinquinat.
462 1343 569 1398 lerum·
598 1339 770 1409 spiritualiter
795 1339 916 1394 Ecclesia
967 1348 1030 1393 tunc
1043 1339 1156 1408 dapibus
1177 1341 1317 1394 satiabitur
1334 1342 1515 1409 praetulerunt.
1527 1343 1579 1408 Qui
1593 1353 1685 1398 antem
1708 1359 1757 1415 pro

126 1452 251 1490 ettronato
269 1436 387 1499 Cltristo,
401 1450 455 1489 non
471 1434 550 1487 alitum
563 1447 641 1501 qnam
657 1433 773 1500 seipsam
784 1433 871 1486 odeat.
881 1461 916 1474 -
965 1429 1051 1485 salute
1064 1431 1160 1484 animae
1171 1445 1227 1485 suae
1241 1431 1362 1486 laborare
1373 1432 1515 1496 detrectat,
1530 1444 1595 1489 tuuc
1610 1437 1681 1490 inter
1691 1436 1756 1491 stul·

129 1527 221 1579 linotet
240 1527 305 1580 euim
320 1529 362 1594 qut
386 1525 412 1577 in
431 1526 540 1578 circuitu
555 1525 610 1587 eiua
633 1534 705 1589 turer,
720 1531 774 1577 ete.
796 1522 829 1576 lit
848 1522 916 1577 libus
967 1529 1008 1575 tos
1032 1520 1233 1589 reprobabitur;
1250 1523 1356 1578 tatrtetsi
1380 1539 1450 1578 nuuc
1465 1527 1506 1579 rel
1532 1526 1624 1579 dirius
1640 1527 1681 1581 rel
1705 1527 1755 1580 bn·

129 1619 220 1674 Siraclr
240 1617 273 1671 de
289 1632 385 1685 magno
408 1613 721 1683 sacer-tltrte:lpsertans
737 1616 913 1685 justuarant,
967 1625 1043 1665 mana
1081 1610 1210 1681 sapientia
1242 1612 1374 1680 gloriosus
1409 1614 1575 1670 euterun-
1597 1615 1756 1671 desideriam

127 1721 150 1765 et
161 1713 230 1765 circa
244 1712 316 1766 iilum
338 1725 432 1763 corona
447 1710 566 1777 fratrum.
585 1710 617 1762 tt
630 1723 708 1772 ossa,
725 1707 751 1760 id
766 1715 818 1771 est,
833 1706 915 1760 tirtu·
931 1689 1050 1771 Biotpt't',
1061 1712 1249 1755 ntonumentum
1260 1713 1295 1756 est
1306 1703 1484 1773 pessimorum.
1500 1704 1641 1760 Desiderat
1661 1705 1754 1774 impius

130 1813 182 1866 tos,
196 1816 262 1872 quas
287 1800 474 1854 lrmreticortrtn
491 1797 571 1852 lactio
592 1798 712 1852 cernitur
735 1798 844 1860 babere,
868 1812 917 1867 pn·
969 1790 1150 1858 prereoeotcs
1164 1791 1263 1846 imitari
1283 1793 1378 1857 nialus,
1394 1802 1421 1846 et
1435 1795 1469 1847 de
1483 1795 1590 1849 illorum
1612 1796 1665 1850 rita
1678 1807 1755 1863 atqtto

131 1894 208 1948 tredo
231 1893 303 1963 pravi
325 1891 456 1960 dogmatis
478 1886 860 1958 corrumpit-Cogitationes
869 1893 916 1961 ju-

129 1998 237 2049 ctorum,
247 1986 361 2053 judicio,
375 1995 427 2040 etc.
450 1981 516 2037 insti
540 1996 588 2035 sua
603 1981 682 2045 lacta,
698 1981 720 2034 si
736 1979 848 2035 Douriuo
864 1984 919 2049 pta·

131 2091 220 2139 eraut,
234 2076 325 2132 sedula
351 2073 523 2129 meditatione
547 2073 704 2140 diiudicant,
721 2087 755 2126 ne
771 2071 838 2127 lorte
854 2071 919 2141 ipsis

132 2171 220 2225 minus
238 2167 371 2232 sollicitis,
386 2181 517 2236 sinpernus
536 2166 638 2221 arbiter
659 2174 751 2220 contra
766 2178 813 2219 eos
828 2164 920 2217 inrisi-

132 2262 219 2317 biiiter
231 2260 340 2315 adversa
352 2259 487 2326 disponat;
501 2258 577 2326 juxta
590 2257 653 2310 iliud
669 2256 801 2322 Apostoli,
816 2255 846 2310 Si
862 2273 919 2307 not·

131 2354 250 2424 metipsos
260 2352 470 2424 dijudicaremus,
481 2365 531 2402 rrotr
544 2347 812 2418 utiquejudicartrurtr
820 2345 844 2415 (l
858 2344 919 2401 Cor.

132 2443 182 2512 rr).
194 2446 228 2498 dt
238 2442 443 2512 reprobi,dirini
460 2441 562 2495 timoris
575 2439 661 2503 obliti,
675 2439 708 2494 de
725 2437 826 2495 fraude.
840 2453 918 2503 quarn

133 2538 246 2602 iaciunt,
259 2551 305 2590 sua
328 2534 438 2589 consilia
461 2541 569 2602 cogunt.
579 2561 614 2572 -
631 2530 703 2584 Verte
715 2531 818 2599 impios,
833 2540 856 2584 et
870 2546 920 2583 uon

132 2637 217 2693 erunt,
234 2636 287 2682 etc.
312 2624 386 2679 l'ersi
402 2624 435 2680 de
448 2624 497 2677 ltac
511 2625 564 2676 sita
583 2621 656 2690 impii
671 2635 722 2674 nou
747 2626 836 2685 erunt,
850 2618 918 2688 qood

133 2716 250 2780 ltterant,
265 2714 325 2786 quia
341 2722 401 2782 post
423 2724 536 2767 mortem
551 2726 604 2765 uon
619 2711 706 2779 qualia
719 2710 866 2764 credebaut
880 2709 921 2762 itt-

132 2809 251 2872 teniunt,
267 2807 313 2862 snt
331 2821 378 2873 spe
393 2818 441 2857 sna
459 2803 588 2866 lustrati,
602 2815 650 2869 pro
664 2801 777 2868 praemiis
788 2809 920 2853 tormenta

969 1882 1072 1936 actibus
1086 1883 1167 1952 loqui.
1186 1882 1230 1938 Vel
1242 1894 1325 1950 eertc,
1341 1884 1502 1939 desideriunt
1513 1888 1585 1953 inrpt'i
1605 1905 1753 1944 monum·

970 1983 1023 2026 tum
1033 1983 1069 2029 est
1085 1975 1269 2041 pessimorum,
1284 1977 1344 2043 quia
1369 1989 1449 2031 omne
1472 1977 1640 2032 desiderium
1655 1979 1713 2047 ejus
1725 1994 1756 2033 ru

971 2065 1064 2129 tendit,
1088 2065 1210 2134 quamuis
1236 2065 1293 2134 ipso
1319 2067 1474 2130 nesciente,
1491 2078 1520 2121 ut
1538 2083 1600 2122 cum
1627 2070 1755 2137 princibus

970 2156 1075 2225 irritastis
1098 2166 1205 2210 aeternat
1228 2157 1323 2210 rttortis
1346 2172 1455 2212 carcere
1478 2158 1632 2214 claudatur.
1650 2161 1755 2227 l'erurn,

970 2247 1029 2316 qnia
1042 2247 1107 2300 tales
1118 2247 1217 2300 exitum
1228 2262 1307 2315 quem
1322 2248 1430 2303 minime
1447 2250 1597 2316 praesident
1609 2251 1755 2315 incurrunt,

969 2337 1033 2390 dicit
1047 2345 1139 2392 contra
1155 2337 1188 2392 de
1203 2337 1297 2393 bonis:
1314 2367 1348 2376 -
1361 2338 1447 2391 lladia
1460 2341 1687 2408 outcmr'aetorum
1700 2357 1757 2410 pro·

970 2429 1045 2495 ficiet.
1062 2428 1127 2493 Quia
1139 2429 1264 2483 nimirum
1280 2429 1346 2485 ddes
1359 2438 1386 2483 ct
1398 2430 1515 2484 ebaritas
1526 2431 1688 2498 electorum,
1707 2447 1756 2503 qua

971 2521 1079 2575 radicati
1101 2531 1164 2576 snut
1182 2523 1209 2576 iu
1226 2522 1346 2588 Citristo,
1359 2538 1528 2594 nequaquam
1550 2539 1601 2580 cos
1621 2524 1699 2594 laliit,
1713 2526 1758 2582 sed

970 2610 1003 2663 ad
1020 2609 1176 2679 perfectiora
1191 2627 1299 2682 semper
1313 2628 1479 2676 accrescens,
1490 2616 1548 2684 pins
1560 2630 1641 2686 quam
1654 2633 1759 2688 sperare

971 2704 1044 2756 notit
1059 2704 1084 2757 in
1100 2703 1189 2758 lntoro
1203 2707 1341 2775 percipiet.
1358 2736 1393 2748 -·
1406 2706 1443 2761 lle
1461 2713 1546 2777 [ructu
1563 2713 1617 2764 oris
1630 2712 1672 2765 sui
1686 2727 1760 2767 sats

971 2795 1075 2864 quisque
1088 2797 1226 2865 replebitur
1242 2797 1325 2851 bonit.
1347 2796 1460 2852 Fructus
1475 2801 1530 2852 oris
1545 2809 1589 2853 est
1612 2814 1703 2856 sermo
1717 2802 1760 2857 bo·

132 2899 273 2966 recipiunt.
296 2897 394 2951 Domus
417 2905 501 2950 autent
512 2897 662 2966 justorum,
678 2891 775 2958 idest,
791 2890 920 2955 Ecclesia,
973 2900 1034 2950 trus,
1051 2889 1170 2956 namqui
1185 2887 1254 2941 tnala
1270 2888 1398 2956 loquitur,
1416 2904 1468 2942 rton
1485 2889 1603 2944 lrnctum
1616 2894 1673 2947 oris
1684 2908 1759 2963 geue·

132 3009 191 3060 quae
207 2989 301 3061 partina
318 2988 501 3057 peregrinatur
517 2987 542 3040 in
559 2984 658 3050 terris,
676 2985 771 3052 partim
786 2991 878 3052 regnat
892 2982 917 3035 in
930 3026 955 3092 c
974 2985 1025 3043 tat,
1043 2978 1089 3032 sed
1105 2978 1241 3033 damnum.
1272 2979 1364 3034 0tnuis
1386 2980 1467 3048 igitur
1486 2980 1532 3051 qui
1555 2981 1628 3036 bona
1651 2983 1759 3054 loquitur

133 3081 211 3145 coelo,
228 3093 362 3149 nunqnam
374 3077 480 3140 dedcit;
494 3075 540 3129 scd
554 3088 717 3143 quacunque
731 3072 849 3126 membra
861 3072 919 3138 eius
977 3069 1053 3124 bouis
1067 3071 1340 3137 tlotrtrbiturreteruis,
1360 3072 1384 3126 si
1395 3081 1483 3127 tamen
1500 3073 1542 3128 bis
1569 3090 1630 3145 qum
1646 3076 1759 3146 loquitur

134 3171 197 3225 lriuc
210 3169 254 3223 illo
268 3168 440 3239 pertentant,
456 3164 553 3220 ibidem
568 3163 676 3234 gaudia,
694 3178 752 3232 quae
767 3163 920 3229 sperabant,

132 3263 279 3319 inveniunt.
305 3260 400 3324 Aliter,
421 3256 494 3312 Verte
517 3256 620 3324 impios,
636 3264 660 3307 et
684 3270 733 3307 nott
750 3261 834 3322 erunt,
850 3253 920 3322 quod

134 3357 216 3411 aurita
232 3354 356 3423 impietas
369 3353 394 3405 in
408 3352 460 3405 dtis
471 3348 621 3419 gentilium,
633 3347 715 3400 multa
731 3347 756 3400 itt
772 3346 853 3401 sectis
868 3346 922 3399 tra·

134 3443 289 3507 reticorum,
306 3441 387 3494 multa
408 3440 434 3493 in
457 3436 599 3507 prestigiis
624 3451 772 3505 magorum,
789 3436 869 3489 rnnlta
894 3434 921 3489 iu

135 3530 365 3600 persecutionibus
382 3527 482 3584 etstitit
499 3540 675 3596 paganorum.
687 3524 739 3580 Sed
754 3525 795 3580 tris
809 3524 922 3580 [loratino

134 3625 251 3679 donante
266 3619 411 3689 subversis,
425 3620 510 3674 alrlata
524 3627 565 3672 cst
577 3618 677 3686 pariter
691 3624 718 3670 et
728 3616 857 3671 nterrtoria
872 3615 921 3670 im·

135 3715 240 3784 pietatis
254 3727 357 3776 eornm,
372 3711 452 3765 etlam
470 3709 518 3779 ipsi
530 3707 619 3777 apices
630 3708 715 3773 surlti,
728 3707 785 3775 ip=a
798 3708 921 3775 dngtnnta

135 3807 195 3874 igne
210 3812 294 3873 rapta,
307 3808 336 3856 ut
347 3801 373 3856 in
387 3798 491 3869 preso
501 3806 589 3853 aetum
604 3806 726 3866 ternpore
740 3798 921 3864 apostolorum

134 3896 256 3966 legimus.
284 3893 380 3948 Dantur
404 3902 489 3946 eutem
514 3892 641 3952 iustorum
668 3887 845 3959 permanebit,
861 3887 922 3957 qnia

134 3995 227 4042 sancta
245 3985 363 4040 Ecclesia
376 3997 510 4051 nunquam
523 3980 648 4034 abscondt
665 3979 749 4049 potuit
759 3979 800 4033 rel
812 3976 921 4043 sulcari,

134 4077 172 4133 nli
184 4091 217 4131 es
228 4076 286 4144 ejus
296 4087 472 4140 corrumpere
483 4070 638 4139 Scripturis,
650 4070 675 4123 io
689 4069 763 4123 nullo
773 4069 831 4137 ejus
844 4069 921 4122 lrtleru

137 4168 241 4225 uiolare
257 4177 328 4220 tanta
350 4175 498 4232 temporum
515 4162 652 4231 longitudo
668 4160 816 4231 prevaluit.
834 4160 924 4215 Potest

135 4265 211 4317 etita
227 4257 346 4328 intelligi,
365 4256 440 4311 Verte
458 4255 560 4324 iorpiot,
575 4263 600 4309 et
623 4268 674 4307 nort
685 4262 759 4306 crunt
773 4268 783 4308 :
798 4262 923 4307 cottrerte

975 3174 1035 3217 actu
1049 3178 1101 3217 uon
1115 3174 1253 3232 repugnet.
1284 3163 1339 3218 lloc
1363 3165 1462 3220 etenim
1489 3165 1633 3234 vigilanter
1644 3166 1756 3236 adjungit

973 3269 1034 3309 eunt
1049 3255 1167 3320 dieit,-
1190 3252 1222 3307 la't
1244 3254 1323 3327 juata
1338 3271 1413 3324 opera
1428 3271 1554 3308 manuum
1568 3272 1677 3312 suartnn
1691 3258 1756 3314 retri-

974 3346 1065 3400 buetur
1090 3345 1123 3400 ei.
1149 3345 1240 3413 Neque
1253 3346 1323 3400 cuitu
1335 3346 1413 3399 aliter
1428 3343 1582 3401 fructuosus
1594 3347 1625 3400 dt
1638 3361 1754 3402 suassa-

975 3453 1019 3492 mo
1029 3435 1144 3504 doctori,
1162 3436 1212 3490 nisi
1224 3436 1280 3507 ipso
1292 3435 1364 3506 prior
1374 3436 1541 3503 laciatbona,
1557 3452 1618 3506 quaa
1633 3438 1754 3494 docet.—

974 3525 1075 3582 l'atuus
1086 3528 1171 3581 statim
1185 3527 1282 3580 indicat
1296 3526 1361 3579 t'raru
1372 3542 1457 3592 suum,
1470 3537 1524 3582 etc.
1553 3529 1604 3596 Qui
1619 3544 1650 3584 se
1662 3529 1688 3585 lu
1698 3544 1753 3599 pta·

974 3617 1045 3673 senti
1068 3617 1202 3672 desiderat
1229 3616 1333 3681 ulcisci,
1351 3618 1513 3685 tatrtusest;
1539 3621 1584 3686 qui
1612 3629 1699 3675 autent
1712 3634 1751 3686 pro

975 3713 1087 3768 Drrntiuo
1101 3711 1223 3781 lupariam
1238 3714 1371 3765 contemni
1411 3711 1530 3779 sapiens.
1549 3712 1628 3768 llttuc
1642 3728 1748 3769 serueu-

975 3806 1027 3859 lum
1038 3805 1089 3858 alia
1104 3802 1242 3858 translatio
1254 3804 1293 3856 sic
1305 3802 1393 3867 babet,
1405 3801 1507 3858 Stultus
1515 3805 1607 3860 eadesr
1622 3806 1684 3860 ltort
1696 3822 1747 3874 prt-

974 3896 1074 3949 nuntiat
1089 3895 1153 3947 iram
1168 3910 1251 3958 suom,
1273 3892 1381 3947 occultat
1397 3903 1480 3946 autern
1503 3895 1672 3967 ignotrriniarrr
1688 3913 1748 3950 asoa

978 3996 1089 4041 ortrttut.
1101 3984 1158 4040 Non
1174 3996 1261 4038 autern
1277 3983 1478 4054 ignominiosam
1491 3987 1638 4042 iracundie
1662 3987 1748 4058 passio·

976 4092 1036 4131 nem
1051 4077 1110 4130 itaa
1129 4077 1293 4143 sapientibus
1312 4075 1496 4129 occultandam
1513 4092 1574 4132 esse
1590 4078 1714 4142 decerni,
1726 4089 1747 4130 ut

975 4169 1033 4236 elus
1046 4167 1214 4223 re'ocitatetu
1238 4168 1349 4234 culpans
1366 4181 1417 4219 nnn
1447 4167 1588 4235 probibeat
1604 4171 1747 4227 terditstsru.

976 4273 1056 4326 quant
1073 4258 1175 4323 utiqrre‚
1192 4256 1214 4309 si
1235 4272 1280 4324 per
1297 4255 1482 4310 necessitatem
1509 4256 1635 4313 luuuattas
1654 4259 1747 4312 iubnui·

134 4368 182 4410 eos
197 4354 230 4407 ab
244 4351 399 4420 impietate,
414 4357 442 4403 et
461 4362 513 4402 noo
526 4354 605 4402 eruut
616 4346 671 4414 jam
688 4344 772 4413 impii,
786 4343 833 4398 scd
845 4344 920 4413 justi.
936 4374 964 4438 D
978 4351 1038 4402 tatis
1051 4348 1170 4412 trouu,
1186 4347 1210 4401 id
1229 4362 1245 4401 o
1261 4362 1308 4400 cen
1325 4349 1364 4400 n³t
1378 4347 1453 4400 ocnrl
1466 4349 1579 4414 andam,
1605 4360 1634 4405 ut
1652 4349 1709 4404 dunt
1722 4350 1748 4400 al

136 4445 188 4498 l‘ro
202 4458 253 4514 quo
264 4441 314 4496 alia
328 4438 465 4496 trsrulstio
475 4436 541 4493 dicit
553 4453 560 4489 ε
574 4434 731 4505 Quocunque
743 4451 769 4488 se
782 4435 855 4488 uertit
869 4450 924 4488 tce·
978 4454 1093 4512 praesens
1107 4440 1244 4506 sapienter
1260 4439 1403 4507 obtegitur,
1417 4440 1566 4508 snp'errtinr
1577 4450 1750 4497 gmoroetrrrrt

136 4536 224 4601 intus,
238 4532 457 4589 exterminabitur.
478 4530 527 4586 Cui
544 4539 637 4584 eontra
652 4527 686 4584 de
700 4527 798 4582 sanctis
812 4525 923 4582 dicitur:
976 4533 1001 4587 in
1016 4540 1172 4600 perpetuum
1187 4531 1316 4584 dett-artu.
1333 4528 1394 4582 liae
1408 4539 1451 4584 est
1464 4532 1536 4584 euitn
1554 4541 1649 4586 natura
1663 4533 1717 4596 ite,
1727 4542 1751 4583 ot

137 4627 267 4690 Qtraniant
280 4623 442 4695 diligentibus
455 4619 536 4675 lieum
550 4620 636 4675 omnia
651 4628 823 4689 cooperantur
841 4618 868 4671 in
881 4618 925 4670 bo·
974 4623 1053 4678 ditata
1081 4625 1233 4691 languescat
1260 4631 1285 4678 et
1313 4629 1424 4691 pere.tt;
1447 4622 1552 4691 prolata
1579 4639 1655 4693 vero,
1680 4626 1752 4693 magis

136 4715 383 4774 utrm-doctriua
395 4729 442 4767 sua
464 4719 581 4767 notemur
595 4711 643 4765 air.
661 4710 738 4764 Viros
749 4722 846 4764 vocare
857 4708 925 4764 solet
974 4717 1111 4786 magisque
1124 4714 1279 4785 eotttlagret.
1294 4713 1340 4768 ls'tt
1353 4714 1397 4784 qui
1413 4716 1553 4781 promittit,
1569 4728 1624 4775 etc.
1652 4719 1753 4773 t‘rouit·

137 4811 275 4879 Scriptura
298 4821 345 4863 eos
370 4807 415 4876 qui
437 4804 578 4860 uirtutibus
601 4813 663 4859 snut
689 4802 791 4872 prediti
815 4801 922 4856 divinis.
975 4816 1033 4864 tunt
1048 4822 1077 4862 se
1107 4806 1227 4860 nonnulli
1251 4805 1360 4860 obedire
1375 4806 1430 4860 reti
1445 4806 1501 4871 nti,
1530 4808 1582 4863 sed
1599 4809 1643 4865 ubi
1657 4808 1755 4864 renardo

138 4895 925 4971 Undedpostolus:vigilatestateinfide.uir'titeraqite
974 4895 1149 4951 torrenssite
1179 4894 1328 4962 blandiens,
1346 4896 1416 4961 irnpe
1446 4905 1571 4952 mentum
1601 4902 1755 4970 prestiterit,

136 4994 163 5068 (l
174 4994 235 5051 Cor.
248 4993 318 5064 stt).
330 4992 453 5047 lloctrina
464 5004 527 5060 ergo
540 5003 586 5043 sus
597 4989 711 5057 quisque
724 4989 763 5040 vir
773 5001 832 5042 esse
841 4987 924 5041 nosci·
973 4987 1007 5043 de
1023 4997 1100 5042 crunt
1113 5002 1146 5056 qu
1158 4987 1218 5041 tlern
1230 4994 1315 5054 crepta
1334 5024 1343 5050 ,
1358 4986 1405 5040 sed
1422 4993 1511 5040 tameo
1525 4990 1693 5046 conscientia
1706 5005 1756 5060 pru-

137 5096 191 5151 tnr,
207 5086 268 5154 quia
282 5093 310 5139 et
330 5083 351 5137 si
374 5089 444 5135 recto
460 5079 548 5143 docet,
564 5089 591 5133 et
601 5080 666 5132 nuc
679 5078 805 5146 operibus
820 5077 923 5145 iruplet,

136 5185 245 5230 sarrrtns
267 5188 327 5227 csse
341 5169 482 5237 colligitur.
495 5197 529 5208 -
543 5168 593 5233 oui
607 5177 690 5219 autern
705 5181 783 5217 rarrus
798 5175 821 5220 et
836 5182 924 5222 excors

137 5277 184 5328 ert,
199 5277 252 5318 etc.
276 5262 342 5328 (irtio
358 5261 461 5312 scilicet
476 5259 532 5324 ipse
546 5257 631 5309 virilis
644 5253 726 5308 animi
744 5252 923 5312 ltrrtitudluem

136 5356 235 5409 babere
249 5352 420 5420 contempsit.
436 5379 471 5390 -
490 5346 633 5402 Meliorem
651 5361 747 5416 pauper
762 5354 786 5398 et
800 5348 923 5416 sufficient

136 5448 194 5509 stoi,
209 5456 261 5499 cte.
288 5443 379 5498 llelior
401 5452 441 5497 est
465 5441 545 5496 idiota
571 5449 598 5495 et
623 5442 732 5505 stnrpter
762 5439 852 5503 irater,
878 5445 923 5512 qui

140 5536 290 5603 bonaque
314 5534 387 5588 norit
411 5547 536 5602 operans,
552 5534 631 5586 sitam
656 5543 773 5590 meretur
788 5535 814 5590 in
836 5537 922 5604 omlis,

136 5639 216 5696 quam
229 5626 274 5695 qui
288 5626 375 5681 ebrus
398 5624 547 5681 eruditione
560 5621 769 5696 Scripturarum,
782 5628 823 5683 rel
841 5629 922 5684 etiarn

974 5079 1059 5142 missi,
1072 5078 1145 5146 quasi
1159 5075 1246 5144 gladio
1261 5083 1425 5146 punguntur.
1439 5103 1478 5116 -
1492 5077 1600 5149 Lingua
1625 5093 1710 5138 sacru
1720 5097 1756 5136 ts·

974 5171 1107 5240 pientiam,
1119 5170 1213 5223 sanitas
1232 5178 1280 5222 est.
1303 5166 1370 5235 Quia
1385 5176 1413 5224 et
1423 5170 1493 5224 bona
1517 5187 1582 5241 quae
1596 5178 1755 5244 promitunt.

974 5259 1024 5330 ipsi
1053 5256 1215 5329 perficiendo
1237 5256 1271 5313 ad
1286 5259 1365 5312 riurn
1387 5264 1562 5330 perren'unt,
1577 5274 1606 5320 et
1619 5267 1694 5336 siris,
1707 5280 1755 5335 qus

977 5363 1131 5422 sequautur,
1148 5348 1316 5419 predicando
1340 5349 1539 5409 demonstrant.
1552 5384 1590 5396 -
1604 5354 1711 5413 debiret
1722 5372 1755 5410 rs

974 5444 1055 5498 citatis
1076 5441 1177 5512 [trucum
1203 5441 1249 5493 erit
1273 5438 1298 5494 t'n
1320 5451 1483 5512 perpetuum,
1499 5452 1557 5500 etc.
1575 5446 1658 5504 troes
1682 5450 1756 5505 escle

975 5535 1080 5588 siastica
1105 5547 1209 5600 semper
1234 5531 1362 5586 mauebit.
1387 5533 1440 5600 Qui
1450 5545 1542 5592 sutem
1564 5553 1679 5610 repente
1702 5556 1757 5597 nott

975 5622 1098 5694 dogmata
1110 5625 1135 5680 iu
1145 5623 1197 5678 lert
1219 5623 1361 5694 mendacii,
1386 5637 1428 5680 est
1443 5629 1571 5701 mittistet'
1592 5632 1718 5691 hauriri.
1730 5659 1755 5675 -·
