3794 6120
55 254 94 313 93
680 242 919 304 ttulttettuttott
937 244 1003 302 blo.
1024 244 1058 300 lt.
1655 246 1691 304 pt

54 368 135 425 colia.
152 365 180 425 Si
194 365 269 423 enim
282 371 413 421 consueto
426 361 580 420 bominibus
598 376 673 419 more
691 377 737 419 res
757 377 850 434 agere·
865 360 990 430 gerunt,
1005 358 1140 416 immunda
1154 373 1260 430 quoqne
1270 373 1331 416 com
1347 361 1453 418 mundis
1466 377 1555 420 arcam
1568 365 1690 424 animan·

57 469 112 526 tur,
125 455 263 528 quootodo
276 455 432 512 suillrerent
444 464 506 512 octo
520 455 645 511 homines
657 463 739 510 urite
750 457 851 525 urium,
902 455 937 508 tia
952 451 1063 508 intrant.
1080 453 1114 507 Et
1133 453 1201 509 bene
1213 453 1311 509 mnodo
1324 456 1478 525 septenario
1491 471 1604 514 numero
1617 473 1689 514 con·

55 550 253 623 torneator-um,
267 547 414 603 murrum
429 557 454 603 et
468 548 601 618 reptilium
613 547 773 603 multitudini
785 562 851 617 qrrn·
902 542 1109 612 daemomonia
1129 543 1297 611 septiformis
1315 554 1358 600 eat
1380 545 1465 614 gratia
1488 546 1615 616 Spiritus,
1636 561 1711 619 qna·

57 644 124 701 tidie
144 643 233 699 cibum
256 651 402 712 potumque
420 648 434 678 ¹
454 654 601 711 apponere,
623 648 651 695 st
673 649 771 696 eaetera
792 655 852 708 qino
901 634 1018 690 bdelium
1029 635 1109 692 corda
1117 636 1317 692 mundanturac
1326 638 1538 696 sanctilleantur.
1548 639 1689 697 lnturunda

56 733 153 791 uerusb
169 733 291 804 deposcit
304 731 478 789 ministrare?
496 731 645 801 presertim
666 745 728 788 curn
742 731 776 788 do
789 741 851 801 potu
889 726 972 782 -tluali
985 741 1100 783 numero
1120 727 1396 796 comprehenduntur,
1410 729 1471 799 quio
1487 729 1545 786 taisi
1564 731 1690 787 catholici

57 827 87 883 irr
100 840 193 881 arcam
205 823 345 880 iclerendo
358 822 494 892 Scriptura
507 821 573 879 rrilril
588 838 602 877 a
618 823 675 879 beo
691 821 795 892 jussum
810 836 853 878 re·
901 826 1072 875 sacramenta
1085 818 1148 875 bdei
1161 819 1261 891 duplici
1276 819 1359 876 eorde
1373 822 1533 892 percipiunt,
1544 830 1572 879 et
1586 823 1630 878 bic
1643 838 1690 879 ro-

57 917 168 975 mnrirt
187 915 329 983 Quomodo
344 929 396 969 non
410 923 516 970 stercus
536 923 565 969 et
585 913 659 970 urina
678 921 718 968 tot
733 912 852 967 animan·
901 909 990 967 lentes
1003 911 1120 981 gaudere
1133 926 1196 968 cnm
1208 912 1319 980 mundo,
1332 914 1396 969 etin
1408 913 1497 970 loturo
1506 931 1620 986 regnare
1629 930 1690 971 curn

59 1010 127 1066 tium
145 1009 188 1066 rel
209 1006 404 1064 intuterantom
423 1004 511 1062 imore
530 1003 596 1076 ipsis
615 1003 795 1059 animantibus
814 1002 852 1056 lo·
900 999 1010 1056 cbristo
1023 1017 1031 1067 ;
1044 999 1078 1058 de
1090 1003 1213 1070 qualibus
1225 1003 1292 1058 dicit
1304 1002 1419 1060 lacobus
1434 1022 1441 1058 :
1458 1003 1520 1059 Non
1539 1021 1599 1076 erpo
1620 1009 1690 1062 orti·

56 1113 122 1156 curn
134 1098 251 1164 iaceret,
265 1097 308 1153 rel
322 1097 432 1153 lundona
445 1111 515 1152 arco
529 1096 651 1169 quamvis
664 1096 765 1166 optimo
784 1092 851 1150 bitu·
901 1099 951 1145 net
964 1089 1039 1145 bomo
1052 1091 1099 1145 tlte
1113 1092 1182 1162 qnod
1194 1092 1307 1163 occipiat
1319 1093 1416 1162 aliquid
1429 1110 1445 1148 o
1459 1092 1580 1156 Domino.
1592 1096 1629 1151 uir
1643 1099 1693 1152 du·

56 1193 190 1247 mirratum
205 1200 218 1233 ⁸
234 1203 286 1246 oon
299 1188 503 1258 corrumpercti
517 1187 651 1257 quomodo
671 1200 722 1243 una
741 1185 767 1242 in
787 1186 852 1242 sede
902 1181 964 1250 plici
982 1181 1069 1238 eninm
1081 1182 1230 1239 inconstans
1246 1183 1254 1236 l
1270 1193 1307 1240 ert
1321 1184 1348 1240 in
1366 1183 1482 1240 omnibus
1494 1186 1541 1241 riis
1557 1188 1609 1241 suia
1619 1185 1691 1259 (lor.

56 1296 222 1354 perannum
237 1282 369 1350 integrum
384 1279 534 1346 manentia,
551 1292 601 1334 neo
621 1277 738 1334 rolatum
757 1276 852 1332 ro'ati-
902 1285 921 1335 r.
936 1270 978 1342 7)-

55 1372 104 1441 iia,
127 1387 179 1428 nec
193 1370 374 1441 quadrupedia
392 1383 514 1440 gressrno
534 1369 696 1440 peronensi
717 1368 775 1438 lpse
788 1381 852 1438 ergo
938 1359 1011 1416 Fecit
1025 1377 1085 1434 erpo
1098 1360 1252 1418 Nreonrnrc
1265 1379 1323 1434 qne
1336 1364 1500 1423 moderent
1515 1364 1540 1419 ιι·
1553 1363 1693 1433 Dominus,

58 1461 190 1518 Doruinus
206 1460 252 1532 qni
271 1473 362 1515 ercam
382 1473 445 1517 oum
460 1459 500 1514 eis
513 1473 573 1528 quae
590 1458 709 1531 gestabat
727 1459 852 1513 omnibus
900 1460 1004 1521 oretque
1022 1463 1199 1508 sexcentorum
1225 1470 1354 1510 unnmurn
1381 1456 1485 1528 grando
1509 1455 1599 1514 diluuii
1618 1475 1693 1527 spuo

55 1553 238 1621 incorruptam
258 1552 393 1616 seruauit,
409 1550 508 1621 quique
521 1551 591 1605 banc
604 1564 639 1605 ue
651 1550 677 1606 in
692 1565 766 1606 mare
778 1550 853 1605 dila·
901 1544 1087 1600 inundaverunt
1103 1543 1116 1582 ¹¹
1131 1556 1326 1617 superterram.
1342 1549 1517 1619 erroneum
1533 1560 1572 1605 est
1586 1549 1693 1615 Nomi

56 1646 166 1700 ceretro
183 1642 361 1715 procrearis,
381 1641 429 1699 scd
449 1643 494 1697 nti
518 1642 544 1698 tn
565 1641 626 1699 loeo
645 1644 777 1698 morinum
799 1642 853 1698 de·
902 1639 950 1705 not
961 1637 1028 1710 elsa,
1043 1655 1110 1694 een
1121 1640 1187 1710 ejus,
1203 1651 1227 1695 er
1240 1656 1334 1697 scores
1351 1641 1530 1714 illusoris·
1542 1658 1602 1697 runt
1618 1658 1649 1699 ce
1665 1644 1693 1696 is

56 1733 156 1805 posuit,
178 1734 224 1791 ubi
245 1735 280 1790 de
302 1735 374 1789 ostio
393 1736 463 1804 quod
487 1733 602 1791 babebat
622 1734 709 1790 lacilis
725 1745 799 1792 esset
818 1749 850 1792 ac
865 1721 889 1784 B
902 1748 1000 1798 orcum,
1012 1741 1040 1788 et
1053 1742 1162 1788 catera.
1177 1733 1254 1789 AEtas
1266 1734 1323 1789 Noe
1335 1747 1458 1804 magnam
1473 1749 1566 1790 eornm
1579 1736 1625 1803 qoi
1639 1732 1692 1790 Ec-

56 1833 196 1895 promptus
218 1824 253 1880 ad
279 1835 379 1880 terram
402 1839 527 1892 opressus
551 1827 656 1882 eunetis
677 1841 736 1896 quae
757 1827 785 1883 in
808 1828 852 1885 illa
902 1825 1013 1881 clesiam
1039 1826 1236 1896 ingrediuntur,
1253 1835 1281 1882 et
1304 1841 1351 1896 per
1366 1826 1446 1882 llrlem
1466 1827 1693 1891 otnueactioncm

56 1912 264 1970 continebantur
276 1915 469 1980 animantibus,
484 1912 629 1981 &procidit
651 1916 730 1972 etiarn
750 1916 852 1973 eisdem
903 1918 957 1975 ilde
969 1918 1128 1990 condignam
1152 1918 1186 1973 ad
1210 1927 1309 1973 aeterna
1324 1918 1420 1990 gandia
1442 1918 1612 1988 perueniunt,
1628 1932 1692 1986 per·

56 2006 169 2074 qualiter
191 2006 220 2063 iu
242 2019 308 2061 arca
327 2015 502 2063 reserrentur
519 2021 554 2062 ao
573 2007 645 2062 solra
668 2007 852 2076 perdurarent.
902 2010 1044 2066 lectionem
1065 2008 1199 2078 designat.
1215 2007 1310 2064 Series
1331 2009 1404 2066 enirn
1424 2010 1530 2064 eerrnni
1552 2009 1619 2063 ilunt
1633 2023 1694 2063 sex·

56 2094 110 2152 tloe
122 2096 172 2152 abs
185 2111 217 2152 re
229 2104 274 2152 est
287 2095 374 2165 credi,
397 2107 426 2152 ut
445 2096 553 2167 quidam
574 2107 708 2166 ostreum,
723 2100 793 2169 qrrod
814 2101 854 2156 iu·
901 2103 992 2167 eniti;
1007 2103 1129 2159 senarius
1149 2110 1240 2157 cutem
1256 2115 1394 2169 numerus,
1418 2103 1445 2157 iu
1458 2116 1514 2170 orso
1536 2100 1622 2156 lactus
1635 2102 1694 2157 sire

54 2189 190 2257 ‘rasuris
203 2203 296 2244 arcam
310 2189 493 2246 animantibus
504 2189 561 2247 Noe
573 2191 670 2248 rictum
684 2192 796 2264 singuiis
807 2195 853 2265 qui
903 2193 1033 2249 lorrnatns
1053 2203 1093 2247 est
1109 2193 1234 2257 nnmdos,
1250 2208 1303 2249 non
1318 2193 1455 2249 immerito
1469 2189 1480 2232 ¹
1502 2192 1693 2263 perlectionem

56 2279 137 2334 unius
157 2277 211 2334 diei
233 2278 294 2333 usui
314 2276 452 2334 soiilceret
472 2283 672 2350 praeparaverit,
694 2290 721 2337 et
741 2287 791 2337 boc
811 2298 852 2338 re·
904 2283 1030 2353 designat
1042 2284 1119 2338 bone
1134 2283 1259 2340 actionis.
1273 2283 1536 2349 Cerrtenarincrero,
1552 2283 1609 2349 nuri,
1624 2282 1695 2337 sicin

55 2367 124 2425 tectu
143 2369 250 2441 singula
270 2368 305 2423 ob
323 2368 529 2438 signibcaueun
549 2372 719 2442 mysterium,
734 2373 804 2441 quod
827 2373 852 2427 in
901 2381 930 2428 et
951 2388 1034 2440 supra
1048 2373 1231 2440 meritissimus,
1247 2371 1274 2427 in
1295 2382 1421 2444 computo
1445 2371 1548 2442 digitali
1572 2373 1606 2427 de
1627 2371 1693 2427 lmus

56 2461 176 2518 moon
197 2463 288 2518 cuncti
310 2476 360 2531 pro
382 2463 463 2518 modo
483 2466 599 2532 propriae
621 2466 777 2535 capacitatis
793 2465 853 2522 rito
905 2461 1066 2520 transfertur
1077 2464 1104 2520 in
1119 2464 1252 2532 dextram,
1268 2465 1385 2520 marirne
1406 2463 1534 2521 convenit
1550 2464 1590 2520 eis
1604 2464 1648 2534 qui
1665 2464 1693 2520 in

54 2550 116 2607 cibo
129 2551 277 2617 reficimur,
292 2550 473 2622 deincepsque
485 2553 519 2607 ad
533 2552 605 2608 diem
620 2555 782 2625 egressionis
797 2571 854 2611 sue
903 2556 1050 2612 nouissimo
1064 2555 1189 2614 examine
1209 2557 1244 2612 ad
1263 2557 1384 2613 dextram
1399 2567 1502 2613 sorites
1516 2554 1629 2621 iudicis,
1643 2569 1693 2610 au·

56 2640 146 2711 quien
160 2640 254 2696 diuino
267 2651 333 2698 nutu
346 2644 387 2698 rel
401 2644 483 2699 etiam
497 2643 584 2711 sopita
600 2645 757 2700 manserint.
903 2649 983 2703 dituri
1004 2658 1090 2704 sunt:
1116 2647 1216 2714 Venite,
1237 2647 1362 2704 benedieti
1383 2647 1470 2702 Putris
1491 2648 1549 2714 mci,
1572 2646 1694 2718 percipite

93 2727 167 2784 Perit
188 2745 249 2802 ergo
271 2729 331 2786 Noe
353 2733 439 2786 cornia
457 2747 517 2803 pure
538 2747 692 2804 preceperat
710 2735 751 2790 iili
772 2733 853 2803 Deos,
903 2757 1009 2813 rrpnom
1027 2741 1134 2813 (dotti.
1152 2758 1217 2808 arr,
1234 2741 1293 2813 dl).
1316 2741 1349 2796 Et
1365 2741 1426 2798 ideo
1441 2740 1631 2810 multiplicatus
1644 2755 1693 2809 per

56 2819 173 2892 diairgrn
196 2820 323 2876 borsinsr
341 2821 377 2876 cd
396 2837 476 2877 cunr:
498 2821 638 2894 lnprederr
658 2835 686 2880 ts
701 2835 714 2864 ·
727 2833 752 2882 et
771 2828 853 2881 omnir
903 2832 1040 2887 monrium
1060 2846 1188 2888 uumerus
1206 2833 1376 2888 centenarius
1398 2833 1471 2888 illam
1488 2833 1612 2887 uirtutum
1635 2831 1691 2900 spi·

56 2912 151 2967 donas
164 2924 209 2968 tao
223 2929 322 2981 meent,
337 2921 390 2970 etc.
413 2914 507 2970 Omnia
520 2930 582 2986 que
600 2929 764 2988 praeceperat
782 2919 853 2975 Deris
904 2920 1038 2977 ritualium
1053 2921 1246 2992 perlectionem
1259 2920 1391 2991 designat,
1406 2935 1466 2991 quae
1485 2935 1540 2977 non
1555 2919 1589 2974 ad
1605 2920 1692 2975 bomi-

57 3005 132 3073 lecit,
148 3007 243 3073 idest,
258 3021 345 3063 aream
360 3006 516 3076 aedificarit,
530 3019 572 3076 ct,
588 3010 780 3066 mansiunculis
796 3010 851 3067 slis·
904 3027 967 3067 num
983 3011 1102 3068 lacerem
1117 3019 1248 3068 ostentata
1272 3011 1433 3078 lorinsecus,
1448 3012 1497 3068 sed
1520 3011 1554 3069 ad
1576 3011 1690 3083 gloriam

57 3102 168 3171 positis,
188 3114 267 3158 esraa
284 3101 311 3156 in
328 3115 386 3158 esu
402 3103 508 3161 eunctis
527 3104 706 3161 animantibus
725 3120 848 3177 compor·
902 3113 945 3161 est
959 3103 1114 3160 Conditoris
1131 3103 1158 3158 iu
1174 3117 1222 3172 spe
1235 3117 1359 3174 superne
1374 3101 1558 3158 retributionis
1571 3102 1691 3172 impleta,

57 3189 140 3247 tavit.
902 3192 1052 3265 meritoque
1073 3194 1170 3262 presul
1193 3207 1275 3258 areae,
1291 3193 1317 3246 in
1332 3207 1384 3261 oua
1400 3191 1529 3248 Ecclesia
1554 3201 1639 3248 status
1652 3199 1695 3249 ost

96 3280 145 3337 Ex
168 3282 285 3339 omullus
305 3285 472 3342 urinantibus
487 3287 589 3342 ntundia
609 3286 673 3343 tolle
692 3295 797 3358 reptem
811 3304 851 3343 re·
901 3296 1059 3353 expressos,
1073 3283 1157 3340 etlam
1179 3284 1206 3339 in
1222 3292 1344 3352 tempore
1357 3297 1413 3338 soe
1426 3283 1512 3338 nicos
1522 3281 1692 3338 devotionem

56 3376 304 3445 preemrrrorrsluer
314 3385 338 3432 et
352 3377 492 3448 {ominum
506 3378 787 3433 deusboontiboroero
798 3395 848 3433 non
902 3371 1025 3443 slesignat
1040 3389 1132 3430 eornm
1148 3376 1193 3446 qul
1209 3377 1278 3428 barte
1291 3372 1328 3430 ita
1351 3374 1547 3445 ingrediuntor,
1562 3382 1591 3430 ut
1611 3374 1692 3431 worn

59 3465 180 3530 mdia,
194 3465 248 3519 duo
261 3476 286 3522 et
299 3467 361 3536 duo,
374 3468 516 3522 ncrcutcn
527 3473 551 3523 et
563 3467 683 3538 [coinon
691 3484 703 3535 ,·
714 3469 759 3524 red
782 3479 804 3524 et
820 3468 852 3524 de
903 3476 951 3532 per
964 3463 1042 3518 boum
1058 3464 1153 3521 merita
1166 3464 1281 3520 actionis
1294 3463 1328 3519 ad
1343 3465 1488 3520 saluternm
1506 3464 1621 3520 transire
1635 3479 1692 3521 me·

59 3555 210 3610 rolotrlilrm
226 3552 238 3594 ί
253 3556 311 3610 reli
324 3565 430 3625 septeno
442 3564 557 3627 septeno,
575 3557 721 3614 moncione
741 3571 767 3616 rt
779 3559 853 3628 senti·
903 3562 1013 3610 reantur
1028 3563 1158 3611 eternam
1172 3571 1180 3622 ;
1195 3554 1317 3624 qrramris
1332 3555 1360 3610 et
1373 3555 1409 3610 itu
1425 3565 1499 3612 recte
1512 3557 1597 3626 possit
1611 3555 1691 3611 lutei·

60 3663 132 3712 eam,
145 3656 173 3700 st
187 3646 299 3701 scimur
311 3664 398 3704 umen
411 3665 488 3719 super
501 3650 592 3721 [coiens
606 3647 620 3689 ⁸
633 3651 757 3704 unicnsoe
767 3658 849 3705 tenor.
903 3645 958 3715 lgi,
974 3646 1035 3717 qnia
1051 3661 1111 3702 cum
1126 3663 1203 3718 oqoae
1216 3647 1312 3703 diluuii
1325 3647 1495 3718 baptismatis
1507 3649 1605 3703 undam
1620 3647 1693 3704 desi·

60 3737 137 3806 Quod
151 3738 190 3793 ait
208 3750 320 3810 septena
331 3751 455 3809 septena,
469 3756 523 3796 non
540 3742 567 3796 in
582 3739 695 3810 singulis
709 3741 852 3809 generibus
901 3746 996 3808 gnant,
1013 3749 1076 3795 tunc
1096 3747 1162 3794 sens
1176 3739 1233 3795 Noe
1247 3738 1450 3808 perlectionem,
1463 3739 1496 3794 ad
1511 3754 1592 3808 ortam
1606 3740 1631 3795 lri
1646 3739 1693 3810 qui

62 3830 104 3887 lris
115 3840 242 3900 apteras,
253 3831 303 3888 sed
317 3841 421 3903 septem
437 3832 606 3888 solummodo
620 3832 677 3887 tolli
688 3833 753 3896 uult,
765 3846 781 3887 e
794 3831 851 3899 qui·
903 3829 1072 3900 baptizantur
1085 3829 1248 3886 corrmrrdcre
1261 3831 1387 3896 debeant,
1401 3830 1527 3884 insinuet.
1543 3829 1611 3885 cum
1624 3844 1689 3885 uero

64 3924 114 3979 bus
128 3938 214 3980 uuum
224 3924 295 3995 quod
308 3925 416 3992 paribus
428 3935 569 3994 supererat
580 3933 638 3995 post
650 3925 781 3980 diluuium
798 3926 852 3978 beo
904 3929 1008 3989 tempus
1021 3920 1109 3976 ultimi
1124 3919 1258 3976 cruminis
1278 3921 1460 3991 praeligorant,
1474 3930 1537 3975 toric
1559 3917 1631 3975 idem
1644 3934 1691 3974 an·

61 4022 152 4084 poscet
167 4013 272 4072 umeri.
288 4014 405 4086 Septem
417 4030 507 4073 au¹ern
528 4026 638 4086 septena
652 4016 728 4085 dicit,
743 4026 851 4086 proptor
903 4027 997 4067 norum
1008 4011 1066 4081 ejus
1079 4025 1206 4068 numerus
1218 4011 1311 4084 quales
1321 4026 1382 4068 eum
1395 4011 1508 4068 Dorsum
1521 4010 1554 4066 ad
1569 4010 1689 4080 requiem

62 4107 143 4162 multa
166 4105 344 4162 animantium
360 4122 469 4178 genero,
485 4123 545 4178 nom
567 4108 618 4164 boc
639 4117 717 4165 erant
740 4125 852 4165 numero
904 4115 1066 4177 perpetuam,
1081 4104 1152 4176 quod
1173 4120 1272 4161 nomen
1295 4104 1351 4161 noe
1375 4114 1465 4171 sonat,
1489 4103 1613 4159 intraturi
1637 4102 1692 4158 sint

60 4194 326 4265 comprobendenda.
349 4197 479 4255 Similiter
501 4201 571 4268 quod
588 4202 625 4256 ait
642 4200 697 4255 duo
718 4200 782 4269 dno,
798 4216 850 4254 nnn
903 4196 1015 4269 ligurate
1029 4196 1178 4264 denuntiat,
1190 4196 1216 4252 id
1228 4204 1281 4263 est,
1295 4194 1393 4252 ellectu
1406 4195 1469 4251 birni
1484 4194 1575 4264 operis
1597 4203 1625 4250 et
1650 4193 1691 4248 iu·

60 4278 160 4341 *bico
172 4285 236 4342 bino
256 4288 283 4342 iu
298 4302 351 4342 uno
364 4289 486 4358 quislibet
499 4304 597 4359 genere
610 4289 785 4346 animantium
803 4292 852 4345 im·
903 4289 1021 4345 tentione
1036 4289 1128 4344 mnndi
1150 4288 1241 4345 cordis
1255 4287 1358 4347 coelesti
1378 4287 1489 4344 brtroitn
1503 4286 1585 4357 digni.

61 4390 93 4429 m·
104 4375 236 4445 odorum,
257 4377 305 4434 sed
323 4379 376 4435 tloo
389 4382 587 4446 tantummodo,
613 4396 714 4439 morem
728 4383 853 4452 designat
867 4415 892 4476 υ
940 4381 1054 4453 Corique
1069 4383 1218 4437 translucent
1235 4390 1330 4452 repom
1344 4380 1408 4445 dier,
1424 4395 1499 4451 equo
1511 4379 1601 4435 diluuii
1615 4378 1693 4434 inun-

60 4479 87 4522 er
101 4469 246 4524 iemloam.
262 4471 330 4527 Dicit
346 4481 437 4528 autem
450 4473 504 4528 duo
514 4484 542 4530 et
555 4474 618 4541 duo,
632 4476 703 4545 quod
724 4476 751 4530 ln
768 4477 849 4546 pluri·
904 4478 1026 4533 cuononi
1040 4486 1144 4532 terram.
1158 4477 1276 4546 Septima
1289 4476 1347 4531 dies
1357 4476 1512 4541 sabbatum,
1527 4475 1554 4531 id
1580 4483 1632 4539 cst,
1648 4488 1691 4531 re·

61 4557 109 4613 bos
125 4560 304 4615 animaurium
317 4562 459 4632 generibus
473 4563 567 4619 cadero
583 4564 656 4632 paris
669 4574 762 4620 essent
776 4566 850 4620 ccel-
903 4571 1011 4641 quiem,
1036 4570 1136 4626 indicat
1161 4569 1225 4625 uiue
1252 4569 1359 4625 lurore.
1386 4568 1452 4624 cun
1474 4583 1538 4639 ergo
1561 4569 1690 4624 diluuium

61 4651 168 4718 menta,
185 4649 231 4705 ubi
255 4651 381 4708 lucillime
394 4653 505 4709 cuilibet
526 4663 598 4723 patet
610 4655 673 4724 quia
689 4655 712 4712 si
732 4656 852 4712 salrandi
904 4677 999 4732 aquam
1016 4661 1141 4730 baptismi
1154 4659 1299 4732 signillcat,
1315 4669 1376 4730 apte
1391 4668 1451 4730 post
1464 4669 1566 4729 septem
1584 4660 1642 4714 dies
1656 4675 1690 4715 ex

62 4750 166 4797 tantum
179 4744 289 4813 generis
303 4753 330 4799 cl
343 4759 397 4799 non
419 4746 522 4802 altioris
536 4747 627 4802 arcani
645 4747 730 4818 gratia
746 4762 789 4804 res
806 4763 852 4818 ge·
904 4767 956 4822 quo
978 4767 1041 4809 arca
1066 4751 1136 4809 lacta
1159 4761 1202 4808 est
1226 4751 1311 4816 veuit,
1327 4753 1388 4821 quia
1406 4760 1420 4788 ¹¹
1436 4751 1463 4806 in
1486 4765 1535 4820 spe
1556 4758 1693 4820 perpetue

64 4845 181 4900 ramur,
207 4833 348 4890 sufficeret
370 4837 460 4892 minor
473 4837 649 4894 animantium
669 4854 799 4895 numerus
820 4840 852 4897 ad
905 4843 1000 4912 quietis
1023 4843 1200 4913 baptizamur.
1216 4842 1282 4898 Cum
1307 4857 1372 4898 rcro
1395 4841 1491 4896 linctus
1515 4840 1690 4896 tentationum

65 4921 291 4981 lrestitutionem
311 4926 414 4982 sobolis
433 4931 659 4997 conservandam
676 4946 746 4987 nunc
765 4942 853 4986 autern
905 4950 981 5004 aqum
1002 4935 1091 4990 diluvii
1107 4933 1233 5006 ligurant,
1250 4934 1347 4990 merito
1361 4934 1442 4988 ctiam
1463 4941 1526 4989 tuoe
1547 4939 1606 5002 post
1627 4944 1690 5000 sep·

63 5015 123 5082 oum
136 5030 193 5072 oon
205 5030 304 5074 omoea
318 5017 363 5089 qui
379 5019 514 5075 lavacrum
531 5021 698 5090 baptismatis
718 5022 743 5078 in
761 5022 853 5078 Ecelc·
906 5035 960 5080 torn
972 5025 1030 5081 dies
1044 5026 1163 5095 ueniunt,
1177 5027 1241 5095 quia
1256 5035 1365 5096 propter
1380 5025 1458 5080 boen
1479 5024 1512 5078 ad
1528 5039 1604 5094 spem
1617 5025 1690 5076 lutu-

63 5106 101 5159 sia
125 5107 254 5170 rubeum.
278 5105 360 5165 etiarn
383 5109 445 5168 boui
470 5112 560 5180 operis
582 5114 738 5169 munditiam
761 5125 852 5170 custo·
908 5131 997 5171 rorum
1012 5119 1153 5181 bonorum,
1169 5117 1382 5187 persecutionem
1399 5114 1488 5187 ⁰jnrt
1503 5115 1639 5183 patiuntur
1655 5111 1690 5169 ub

97 5197 112 5298 ξ
129 5196 187 5264 at,
200 5195 306 5280 offerre.
949 5206 956 5246 ἱ
972 5210 1027 5274 tl..
1042 5211 1263 5265 restaurationem.

130 5265 188 5333 st..
203 5277 298 5335 ‚ronst-
951 5281 958 5329 i
978 5279 1020 5334 ΔΙ.
1033 5281 1109 5336 deest
1123 5291 1170 5335 ert.

98 5344 109 5369 ‘
129 5336 187 5403 Ab,
200 5336 276 5392 deest
289 5352 351 5390 non.
948 5347 960 5386 ¹¹
973 5349 1027 5416 tt,
1041 5351 1118 5406 deest
1130 5367 1208 5422 super
1222 5364 1323 5405 terreos.

97 5402 111 5442 ⁴
128 5404 186 5471 Mo
201 5406 330 5487 precidit.
946 5417 953 5456 ¹
974 5419 1028 5488 tt,
1043 5422 1204 5490 perfectionis
1217 5422 1288 5476 boore
1304 5421 1418 5488 desinont
1433 5417 1557 5473 cotiones.

98 5476 188 5541 vbi..
202 5492 230 5530 or
243 5493 330 5530 creona
343 5486 367 5532 et
382 5481 463 5533 omnis
478 5480 567 5535 dontius
581 5492 636 5538 tuo.
943 5498 962 5525 m
978 5490 1033 5552 Al,
1051 5492 1182 5544 tiamne,

100 5542 111 5583 ¹
128 5545 186 5610 Ab,
196 5545 273 5602 deest
287 5550 354 5602 coelr.
944 5567 957 5594 ¹¹
973 5559 1028 5624 nl..
1043 5559 1068 5611 in
1083 5575 1161 5626 spent.

97 5615 181 5677 obl..
195 5615 271 5671 deest
286 5620 421 5674 uniuerso.
944 5636 957 5664 ⁰
973 5628 1027 5696 bl..
1037 5630 1118 5694 juste.

98 5682 112 5721 ¹
125 5685 182 5751 tl..
193 5686 233 5743 iis
247 5686 317 5742 lieu.
