3794 6120
567 236 611 294 be
631 235 769 293 testato
788 236 980 298 sibottoms
998 239 1113 298 LIBER.
1593 248 1649 307 tud

109 357 129 406 ι.
144 347 305 404 intrinsecus
321 359 435 417 namque
458 345 562 403 latitant
576 347 698 402 uniuersa
721 347 802 402 boum
819 352 843 408 Α
858 350 982 406 ariminum
997 353 1103 407 lauacro
1116 361 1227 424 uterque
1243 355 1368 425 populos,
1381 357 1594 415 circumcisionis
1606 363 1646 415 ri·

107 441 176 506 lcra;
191 440 251 510 quia
267 454 317 508 qua
333 438 456 495 mercede
471 439 555 495 sancti
573 439 763 510 predicatores
775 441 802 495 iu
854 441 950 500 deliret
960 453 988 500 et
1002 446 1137 515 praepuii,
1154 460 1201 516 per
1216 446 1305 515 delent,
1323 463 1410 516 spem,
1425 458 1452 504 et
1473 450 1644 507 dilectionem

107 545 168 586 uum
182 530 328 592 eicerentur,
340 531 366 583 in
378 529 475 585 interni
487 530 578 585 arbitri
601 529 722 585 examine
744 528 798 599 iarn
816 551 822 563 ·
854 548 933 587 unum
960 518 985 588 in
1006 534 1118 591 bomiuo
1133 532 1260 601 elicitur,
1284 540 1342 607 ipso
1362 548 1517 609 attestante,
1533 544 1578 611 qui
1593 544 1647 600 cir-

107 626 238 687 [irumcsn
261 620 308 676 scd
333 619 430 686 uobis,
451 619 495 691 qui
511 620 598 676 adhuc
613 620 678 677 lorts
694 635 800 685 snmus,
853 623 1043 680 cumcisioncm
1070 642 1117 695 per
1141 642 1171 682 se.
1196 628 1344 696 protheans
1371 629 1407 685 ait
1432 630 1502 687 iuter
1515 631 1566 687 alia
1584 651 1591 686 a
1610 631 1645 690 Bi

113 713 274 769 omnimodis
290 711 431 766 occuitum.
454 711 555 781 Quibus
570 719 657 765 tamen
672 712 723 767 buc
741 727 803 766 esse
853 715 917 768 clius
931 731 989 771 oues
1008 715 1100 782 habco,
1122 733 1180 787 quie
1202 733 1251 772 nen
1264 729 1323 772 sunt
1347 736 1379 775 ea
1402 719 1449 774 hoc
1464 720 1534 787 ouili,
1548 731 1572 776 ιι
1583 724 1642 779 illes

107 818 144 859 am
172 802 323 858 nullatenus
346 813 445 872 potest,
471 804 532 873 quia
557 804 644 857 umetis
660 804 705 873 qui
730 802 803 856 lara·
852 817 949 878 oportet
972 810 1209 873 manducassent
1234 827 1317 865 uocem
1332 828 1414 866 menna
1426 812 1542 880 audient,
1562 823 1585 869 et
1598 814 1645 884 piet

108 896 223 967 teptismi
244 894 406 950 adsalutem
428 896 533 965 accipit,
549 906 575 950 et
597 897 690 962 uitam,
708 896 801 963 iirlcnt,
852 913 930 951 unum
955 898 1018 955 uuile
1041 909 1065 954 et
1086 917 1152 955 renus
1169 887 1262 957 Pastor
1282 901 1374 971 (locu.
1391 906 1428 972 x).
1445 903 1520 973 Quod
1545 906 1571 960 iu
1592 906 1644 962 hoc

116 987 314 1046 clcbaritatcm
331 988 409 1044 debet
421 989 538 1055 babere;
555 1005 605 1044 ricc
619 991 678 1045 sinc
696 990 737 1045 his
756 990 801 1044 tri·
852 1002 957 1058 qunque
986 991 1052 1046 mari
1078 992 1167 1061 typice
1195 992 1380 1063 {ignoratarum
1409 1009 1470 1050 nam
1495 997 1642 1065 sequitur:

107 1088 226 1144 rtutibus
248 1088 360 1157 quisque
384 1087 481 1157 aliquid
501 1088 556 1158 jam
572 1088 690 1157 operari,
715 1102 800 1157 neque
854 1077 911 1133 Duo
924 1081 1004 1136 millio
1015 1084 1085 1138 dirtos
1098 1085 1224 1155 comebat.
1242 1085 1406 1141 liillenarius
1420 1101 1535 1155 namque
1549 1103 1643 1145 nume·

107 1206 109 1231 ι
128 1180 163 1236 ad
191 1180 272 1234 viram
298 1179 380 1235 vatur,
407 1180 483 1237 unqe
506 1188 578 1235 recte
606 1178 798 1250 sptijun3111112
852 1185 897 1224 rus
912 1187 960 1241 pro
973 1172 1168 1242 siqoiucationc
1184 1174 1437 1244 perlectionrssotet
1450 1177 1513 1246 poni
1529 1178 1554 1232 in
1566 1178 1641 1235 Scri·

107 1270 210 1325 ludoau
223 1285 265 1324 ern
282 1269 372 1325 luteris
388 1271 466 1323 trium
481 1271 619 1323 unciarum
632 1278 701 1323 erat.
718 1268 800 1323 Grns·
852 1265 954 1331 pruris3
975 1267 1036 1336 quia
1060 1266 1186 1321 nimirum
1210 1266 1347 1323 denarium
1368 1284 1508 1325 nurnerum
1528 1271 1643 1341 quadra·

107 1361 209 1415 etenim
228 1359 320 1415 luteris
344 1360 369 1416 iu
386 1361 453 1416 mari
470 1362 584 1414 iirmitas
599 1367 641 1415 cst
654 1360 760 1413 uirtutis
773 1360 799 1415 iu
852 1364 906 1409 tum
922 1356 1036 1412 solidum
1053 1357 1123 1412 iacit.
1142 1360 1236 1415 Decem
1252 1360 1350 1430 quippe
1364 1359 1454 1416 decies
1473 1360 1562 1427 ducti,
1576 1377 1641 1417 cen·

107 1465 151 1507 tto.
176 1451 209 1505 Et
232 1450 312 1505 trium
334 1450 472 1506 uncianum
499 1461 538 1506 est
555 1451 611 1504 lnuc
634 1450 797 1520 grossitudo,
851 1455 905 1500 tum
922 1446 1030 1502 iaciunt.
1046 1448 1111 1518 Quae
1127 1449 1252 1506 uidelicet
1267 1451 1348 1522 ligura
1362 1452 1417 1522 jam
1433 1453 1576 1523 quadrata,
1591 1456 1652 1510 sed'-

107 1538 168 1609 dci,
184 1543 241 1611 spei
255 1584 262 1608 ,
276 1549 303 1596 et
316 1541 467 1596 dilectionis
483 1541 581 1596 robore
599 1542 737 1609 perceptio
752 1541 799 1594 ba·
850 1537 936 1592 adhuc
952 1538 1029 1606 pieria
1043 1549 1094 1595 cst.
1110 1540 1207 1596 Verum
1229 1550 1257 1596 ut
1272 1542 1298 1597 in
1314 1543 1482 1600 altitudinem
1500 1554 1599 1616 surgat,
1614 1555 1643 1601 et

108 1634 302 1689 communitur.
320 1633 410 1703 Neque
424 1634 502 1689 aliter
513 1631 660 1702 proficuum
677 1647 737 1688 esse
751 1645 797 1686 ac·
832 1671 834 1675 a
851 1628 934 1683 solida
948 1629 1091 1700 eliciatur,
1114 1634 1289 1705 multiplicata
1305 1646 1413 1692 centum
1431 1637 1597 1708 perdecem,
1613 1648 1643 1694 et

107 1722 167 1780 ibus
192 1724 355 1786 ostenditur,
381 1722 429 1776 ruisi
454 1723 547 1776 lurum
571 1723 646 1776 strena
663 1721 797 1777 certitudo
817 1699 918 1774 Βιιιιιιι
933 1721 1014 1777 mille.
1030 1722 1088 1789 Quo
1104 1725 1224 1795 proiecto
1237 1741 1349 1783 numero
1372 1730 1476 1783 stabilis
1490 1739 1516 1784 et
1532 1732 1640 1800 inserpe-

107 1826 133 1869 ω
146 1823 262 1868 mentem
276 1812 476 1883 accipientium,
494 1812 573 1867 sintul
590 1823 616 1866 ct
629 1827 711 1882 opera
726 1828 795 1869 con·
852 1812 952 1875 rabilis,
964 1821 992 1868 ct
1014 1814 1085 1869 velut
1107 1815 1298 1885 conquadrata,
1323 1818 1453 1888 iustorum
1475 1822 1642 1878 conscientia

121 1903 213 1975 decipi
227 1920 258 1958 ur
273 1913 374 1970 autem,
396 1915 423 1958 et
446 1903 733 1972 celebratorbaptisnti
758 1905 797 1957 ia·
850 1902 1643 1978 designaturouacunqueenimterteris,quadrunnabit.
1735 1906 1736 1910 ’

107 2010 113 2051 ι
126 1995 154 2051 iu
168 1995 293 2065 exemplo
306 1995 446 2051 dominice
463 1996 597 2051 Passionis
611 2004 637 2048 et
661 1994 796 2050 Resurre·
851 1993 895 2049 Sir.
909 2004 936 2050 et
956 1995 1061 2052 animus
1076 1997 1223 2052 electorum
1239 1997 1313 2052 nulio
1328 2002 1505 2057 tentationum
1525 2017 1645 2060 occurso

112 2100 130 2142 a
154 2089 285 2151 mortuis;
307 2087 381 2156 irrata
406 2088 475 2156 quod
501 2086 644 2155 Apostolus
660 2102 797 2155 exponens
851 2087 1022 2142 noritasuae
1046 2087 1214 2142 rectitudinis
1239 2100 1309 2144 statu
1335 2090 1469 2146 inclinari.
1496 2092 1574 2147 llutos
1589 2108 1639 2148 au-

107 2175 147 2231 xie
159 2177 302 2248 quicunque
314 2176 435 2247 baptisati
456 2193 541 2230 sununs
556 2176 583 2230 in
604 2176 705 2229 Christo
721 2175 794 2238 derra,
852 2184 903 2228 tem
920 2175 1091 2232 liebraeorum
1107 2192 1232 2234 mensura
1246 2189 1297 2246 est,
1314 2193 1395 2251 quam
1418 2181 1468 2250 ipsi
1480 2182 1543 2237 bath
1560 2186 1640 2237 tronti·

107 2274 136 2323 'u
165 2268 247 2338 ipsius
274 2267 396 2335 baptizoti
427 2284 524 2321 suerrus.
555 2267 703 2336 Consepulti
729 2268 796 2320 enirn
850 2274 934 2333 nant,
951 2266 1051 2322 babens
1065 2268 1169 2322 modios
1182 2279 1245 2324 tres.
1261 2270 1320 2339 ipsa
1335 2281 1376 2326 est
1389 2280 1415 2327 ei
1428 2272 1489 2342 ephi
1508 2273 1599 2343 ,quod
1612 2283 1642 2328 ct

107 2374 164 2415 curn
187 2359 233 2412 ilio
247 2375 292 2429 per
306 2359 458 2427 boptinnunt
472 2360 497 2411 in
514 2369 613 2424 intorta,
629 2366 655 2410 ut
668 2358 796 2427 queritari·
850 2356 887 2409 iili
903 2358 970 2424 opha
985 2367 1147 2428 nttncupant.
1165 2359 1218 2416 Sed
1239 2368 1266 2415 ct
1279 2359 1341 2430 ephi
1357 2361 1389 2414 ad
1409 2377 1563 2417 mensuram
1581 2378 1636 2432 pen

129 2451 267 2504 resumsit
289 2449 408 2503 Christus
435 2467 451 2501 n
484 2450 592 2502 nrortreis
621 2448 796 2518 perplurium
850 2447 1192 2519 tirretaridarumlruqum,
1214 2450 1427 2518 tritici,hordci,
1451 2451 1636 2521 leguminum:

116 2540 191 2595 itaet
202 2555 246 2594 nos
258 2541 284 2594 in
298 2542 408 2593 nouitate
422 2542 479 2592 aitte
496 2539 665 2593 etrrbtrieinus.
682 2539 712 2596 Si
725 2541 793 2591 araim
850 2539 926 2594 batus
947 2554 1010 2595 reru
1031 2549 1074 2597 est
1097 2542 1122 2597 in
1148 2542 1291 2612 speciebus
1322 2543 1443 2611 liquidis,
1467 2542 1542 2610 virro,
1566 2544 1638 2610 oleo,

107 2631 170 2685 etuti
185 2632 247 2698 pacti
261 2646 349 2684 sutrina
360 2630 522 2683 similitudini
535 2631 624 2682 inertis
637 2633 702 2698 ciras,
717 2630 796 2684 simui
849 2641 927 2698 aqua.
952 2629 1042 2702 ltaque
1057 2631 1150 2697 batus,
1166 2633 1210 2703 qui
1223 2643 1303 2689 certae
1319 2648 1422 2687 nirl'tllae
1444 2648 1569 2689 mensura
1585 2645 1643 2702 est,

107 2723 243 2778 erectionis
272 2722 365 2775 orionus
387 2721 477 2792 (hona.
499 2719 546 2790 ιι).
567 2719 642 2787 Quod
664 2721 690 2775 in
711 2721 795 2789 lipara
849 2734 929 2789 opera
940 2719 1061 2791 designat
1075 2725 1208 2793 equitatis
1221 2733 1248 2779 et
1260 2724 1384 2795 justitias,
1397 2727 1495 2796 qulbus
1512 2726 1537 2782 bi
1551 2727 1596 2798 qui
1610 2728 1641 2783 in

107 2815 287 2871 marinensi
307 2815 794 2884 typicesignatumest,cumeonse·
848 2811 1031 2869 reatrissionem
1058 2823 1229 2882 peccatorum
1252 2814 1432 2881 baptizantur,
1462 2817 1635 2872 uecesscba·

107 2905 305 2975 radjunqitur:
322 2904 481 2976 bodiumqrc
493 2905 625 2976 ejusricut
639 2902 734 2956 lobium
752 2916 794 2955 cu·
849 2901 912 2956 beot
934 2902 1048 2958 interitui.
1076 2903 1208 2973 datosque
1233 2904 1305 2960 mille
1324 2906 1448 2974 capiebat
1470 2922 1552 2970 mare,
1575 2924 1642 2964 cuno

119 2999 212 3071 [olium
228 2997 336 3066 rependi
347 2997 405 3050 litii.
424 2997 474 3051 Per
485 2995 584 3050 labium
601 3008 715 3063 namque
728 2992 795 3047 caii·
848 3006 915 3062 aqua
930 2992 1096 3062 baptismatis
1112 2993 1216 3062 piebem
1230 2992 1384 3050 iudaeorum
1398 2994 1520 3064 abluens,
1536 2997 1568 3052 ad
1590 3011 1635 3052 re·

107 3096 161 3145 clus
181 3087 323 3143 dominicae
345 3086 498 3151 Passionis
516 3099 564 3156 per
579 3083 672 3139 lolium
688 3083 735 3138 lilii
752 3096 793 3138 rc·
807 3041 832 3106 c
846 3101 928 3157 quum
941 3086 1052 3142 coeiestc
1065 3085 1223 3143 transmisit.
1242 3085 1395 3157 decipiebat
1417 3097 1444 3143 ct
1468 3088 1535 3144 alios
1549 3089 1640 3155 tuille,

107 3176 238 3249 patefacta
253 3178 359 3233 claritas
370 3177 590 3234 Resurrectiouis
606 3177 692 3246 ipsius
706 3173 796 3244 expri-
846 3192 906 3232 cum
922 3178 1001 3232 etiam
1016 3177 1108 3233 turbas
1119 3179 1255 3232 nationum
1271 3177 1368 3232 eodem
1383 3176 1455 3233 iutrtc
1471 3187 1589 3246 renatas,
1604 3190 1636 3235 et

128 3269 195 3326 Νιιιι
227 3271 299 3341 qoud
326 3271 353 3325 in
389 3271 473 3327 calice
507 3272 633 3341 poculum
662 3268 796 3340 passionis
846 3270 970 3341 operibus
981 3268 1093 3342 justitiae
1107 3270 1288 3337 confirmatas,
1309 3270 1429 3341 ejrrsdem
1445 3272 1519 3341 regni
1541 3286 1637 3342 peren·

107 3370 169 3428 rtur,
186 3362 223 3417 ait
240 3363 298 3432 ipse
321 3363 461 3430 hominos,
486 3362 531 3431 qui
553 3362 664 3417 ueniens
686 3360 719 3415 ad
735 3374 797 3430 pas·
846 3362 888 3418 nis
902 3362 963 3419 iecit
975 3377 1036 3420 csse
1050 3362 1202 3434 participes.
1218 3362 1368 3419 Notamium
1381 3379 1447 3420 sane
1458 3365 1509 3435 hoc
1524 3366 1551 3420 in
1563 3367 1632 3429 loco,

130 3452 237 3511 Patrem
262 3466 321 3510 orat
346 3455 461 3510 diceus:
483 3454 607 3521 Peter,si
621 3455 668 3522 nia,
684 3454 796 3525 trnnqcr
846 3455 906 3524 quia
932 3461 995 3509 surrt
1015 3455 1060 3524 qui
1087 3463 1179 3525 putant
1203 3455 1262 3525 lege
1283 3454 1330 3511 liei
1345 3455 1517 3524 prohibitum,
1535 3471 1569 3513 nc
1594 3459 1641 3512 tei·

127 3545 241 3603 memo
264 3563 305 3601 nae
326 3547 404 3618 (buc.
429 3547 507 3616 xxu).
530 3548 627 3603 lilium
646 3548 795 3617 ueroquod
847 3548 994 3613 bominum,
1017 3545 1250 3615 reiquoromiihet
1272 3547 1439 3613 animalium,
1465 3548 1522 3605 siue
1544 3564 1635 3605 rerunt

107 3644 150 3695 otc
160 3637 251 3692 odoris
271 3637 456 3707 jucundissimi
472 3638 558 3708 gratia
573 3637 715 3693 candidum
731 3637 796 3695 ioris
846 3639 1033 3695 similitudines
1042 3639 1196 3709 sculpamus
1208 3679 1216 3707 ,
1230 3648 1276 3693 aut
1289 3639 1465 3712 depingamus
1479 3643 1505 3697 in
1518 3643 1632 3699 ecclesia

107 3742 142 3797 a,
172 3729 245 3785 intus
275 3729 393 3786 ostendit
417 3744 564 3797 aurosum,
591 3739 653 3800 apte
681 3728 794 3799 gloriam
846 3739 891 3786 aut
906 3730 1015 3799 pariete,
1031 3738 1076 3784 aut
1089 3728 1272 3798 alioquolibet
1290 3730 1361 3796 ioco,
1376 3747 1409 3784 eo
1428 3730 1497 3800 quod
1511 3731 1538 3786 in
1553 3732 1633 3787 decu·

107 3821 219 3879 tellonis
233 3821 292 3891 ejus
307 3822 434 3887 insinuat,
450 3821 535 3887 quiet
550 3821 672 3890 corporis
685 3821 796 3876 immor·
846 3821 907 3892 logo
925 3820 991 3891 ieqis
1003 3818 1101 3875 dixerit
1125 3837 1132 3896 ς
1160 3817 1223 3873 ilion
1237 3819 1320 3889 {ocios
1344 3821 1389 3874 tili
1401 3820 1537 3891 sculptile,
1554 3837 1638 3890 neque

107 3925 133 3967 Ιι
171 3909 236 3966 loris
270 3912 388 3967 ostendit
425 3912 583 3981 discipulis,
611 3921 639 3968 ct
676 3913 794 3968 eitimam
846 3926 945 3965 omnent
955 3908 1155 3974 similitudinem,
1170 3924 1227 3978 quoe
1241 3917 1278 3962 cst
1293 3909 1320 3963 in
1335 3909 1401 3964 coeio
1412 3909 1529 3981 desuper,
1544 3920 1567 3965 cl
1578 3929 1638 3984 quor

108 4000 172 4057 lucc
193 4015 343 4069 coruscam,
364 4003 443 4058 simoi
465 4004 515 4060 sibi
538 4004 626 4060 inesse
642 4003 791 4074 perdocuit.
845 4001 873 4054 in
893 4008 960 4053 terra
981 3998 1110 4066 deorsum,
1134 4013 1179 4052 nce
1202 4012 1291 4051 corum
1304 4013 1362 4068 quta
1375 4006 1434 4052 curat
1458 4000 1485 4053 in
1499 4001 1573 4070 equis
1587 4002 1635 4055 sub

115 4093 197 4149 uiam
222 4093 248 4147 in
270 4092 326 4147 iilic
350 4094 468 4164 repando
483 4095 540 4165 ipse
554 4094 683 4151 bisdiatur
698 4095 748 4151 ilci
766 4105 794 4152 et
846 4098 913 4146 terro
928 4088 1025 4162 (Eucti.
1039 4091 1096 4159 xx).
1122 4087 1172 4157 Qui
1197 4101 1364 4157 nequaquam
1379 4087 1430 4142 boc
1450 4099 1586 4158 putarent.
1609 4092 1640 4146 δι’

107 4200 163 4256 ln,
178 4197 238 4257 posi
260 4190 412 4258 passionem
427 4191 519 4245 mortis
534 4191 619 4259 gloria
641 4202 669 4248 et
692 4192 795 4249 honore
846 4183 888 4239 vel
898 4182 1047 4239 Salomonis
1060 4195 1127 4251 opitu
1143 4181 1176 4237 ad
1190 4183 1345 4236 memoriam
1359 4191 1540 4246 revocassent,
1552 4181 1595 4254 qul
1606 4193 1637 4238 ei

107 4284 159 4346 lus,
171 4293 226 4342 non
239 4279 459 4336 inconvenientes
480 4283 582 4353 accip&
597 4283 643 4354 qui
657 4292 720 4339 ante
733 4299 797 4353 ρης.
847 4274 875 4329 in
889 4272 1070 4343 tempiuintus
1084 4271 1188 4342 palmas
1202 4270 1275 4338 fecii,
1292 4278 1320 4326 dl
1335 4270 1464 4327 cherubin
1477 4286 1538 4328 cunt
1553 4274 1636 4328 idriis

126 4366 235 4439 quidem
258 4385 346 4436 suam,
362 4372 438 4441 qnasi
461 4371 580 4428 clausum
603 4373 691 4431 adhue
707 4374 792 4430 titium
810 4364 1000 4454 „caelaturiu
1026 4361 1197 4418 incolumnis
1213 4362 1283 4418 iliius
1299 4362 1368 4417 maia
1385 4373 1495 4434 granata
1515 4373 1542 4420 et
1556 4366 1636 4420 retia·

112 4469 175 4513 cum
197 4460 280 4528 signis
306 4462 495 4517 miraculorum
524 4478 584 4534 quaa
611 4463 675 4520 iecit
707 4465 795 4522 clarus
848 4454 919 4520 0⁰¹³,
944 4453 1167 4524 iomariquoquc
1188 4452 1238 4509 ¹¹⁰ss
1250 4451 1481 4509 ²⁰2⁰l¹¹¹⁰d⁸⁰5¹ss
1502 4455 1593 4521 botes,
1610 4466 1638 4514 0¹

107 4548 230 4618 refulsit3
257 4563 317 4621 post
333 4555 560 4610 resurrectionem
575 4572 639 4614 pem
651 4566 679 4616 eq
701 4573 796 4616 men.
847 4545 996 4613 sculpturas
1014 4543 1166 4610 histriatas,
1180 4541 1227 4599 sed
1249 4550 1277 4599 et
1293 4543 1319 4598 in
1335 4542 1444 4599 basibus
1459 4545 1590 4613 laurum,
1609 4554 1638 4601 ut

129 4653 207 4695 suam
231 4643 380 4711 repandum
400 4659 430 4699 se
447 4645 530 4699 lilium
555 4660 680 4717 supernae
697 4650 794 4721 patriae
847 4639 874 4694 in
887 4638 1060 4710 ⁸0i¹¹0⁰¹ib¹¹¹
1080 4638 1190 4711 libuli,
1216 4639 1307 4695 ¹0⁰¹i⁰³
1321 4653 1383 4695 ⁶⁰¹⁰
1406 4639 1503 4706 li⁰b⁰⁸·
1520 4643 1634 4712 lilim.

119 4729 249 4797 exhibuit,
276 4733 345 4802 quod
362 4734 388 4789 in
410 4744 547 4804 assumpta
567 4736 733 4793 humanitate
747 4752 794 4807 pn·
847 4744 922 4799 axes,
946 4738 974 4786 ct
992 4739 1075 4799 rotas,
1096 4745 1157 4787 cum
1181 4731 1311 4786 cherubin
1328 4743 1356 4786 ct
1370 4733 1445 4793 tario
1471 4736 1636 4803 picturarum

107 4820 227 4878 rdtrrnas
240 4823 384 4893 dasianus,
399 4839 480 4896 qutun
496 4826 589 4882 nabun
603 4827 672 4897 apud
689 4827 795 4884 Patrem
847 4818 1034 4890 genesteale
1053 4820 1095 4875 nt
1117 4828 1192 4877 certe
1207 4821 1294 4892 tpatrn
1311 4821 1395 4894 noya
1408 4807 1490 4893 opera
1513 4823 1637 4879 constut-

107 4927 159 4970 ram
170 4917 285 4971 mundus
299 4926 382 4984 esset,
397 4918 524 4975 ostendit.
539 4918 683 4975 undeceni
698 4921 797 4976 amoris
848 4920 962 4981 rasscnt,
975 4913 1032 4982 qui,
1053 4910 1164 4982 jubetote
1188 4911 1313 4979 Domino,
1329 4921 1360 4968 et
1378 4912 1507 4969 cherubin
1521 4914 1595 4982 prius
1609 4914 1638 4970 in

107 5003 186 5061 >titii
208 5009 380 5064 serocauuto
400 5010 655 5080 deigoarerotuu,
679 5011 795 5068 dicens:
849 5003 1041 5074 propitiatorio,
1056 5017 1084 5060 a
1107 5015 1198 5074 postca
1221 5015 1374 5075 sermnem
1391 5006 1456 5061 iecit
1479 5022 1584 5064 aarum
1607 5007 1637 5063 io

107 5110 134 5151 cs
160 5098 265 5169 campi,
289 5109 313 5153 et
339 5099 422 5154 litium
449 5100 602 5155 convallium
635 5099 724 5171 (dunt.
753 5103 795 5174 n).
848 5111 948 5162 ercino,
964 5095 1040 5168 cujus
1056 5097 1151 5152 intuitu
1174 5098 1287 5165 populos
1303 5112 1317 5149 a
1333 5096 1454 5151 terornm
1468 5100 1635 5167 serpentium

107 5201 117 5242 ι
140 5202 206 5261 erqo
230 5191 327 5258 maris,
344 5192 371 5248 in
386 5207 439 5263 quo
459 5193 614 5248 sacerdotes
629 5194 796 5262 lavabantur,
848 5203 952 5246 venerae
965 5190 1121 5245 salvaretur.
1144 5189 1171 5245 Si
1186 5189 1257 5244 euim
1274 5187 1373 5245 licebat
1391 5199 1543 5259 serpentem
1566 5195 1637 5248 esai·

107 5275 192 5331 rhium
207 5276 256 5333 luit
269 5280 369 5348 calicis,
381 5290 409 5335 et
422 5282 515 5336 lolium
534 5282 643 5350 repandi
659 5281 720 5353 iiiii,
734 5286 797 5353 quia
850 5284 899 5339 tari
922 5299 1025 5340 aeneum
1048 5283 1178 5356 iniquo,
1194 5297 1274 5352 quem
1298 5280 1458 5350 aspicientes
1480 5281 1529 5338 diii
1554 5284 1639 5344 lsrael

107 5381 141 5422 ιιιι
160 5368 286 5435 minure,
309 5384 361 5440 quo
384 5371 503 5427 membra
525 5371 625 5427 surumi
648 5373 798 5430 sacerdotis
849 5374 978 5439 viserent,
993 5388 1042 5429 cur
1061 5387 1113 5428 non
1134 5373 1197 5427 iicet
1210 5369 1400 5426 exaltationem
1420 5373 1528 5428 boutini
1544 5374 1636 5431 Salsa-

107 5471 150 5524 ur,
170 5456 198 5512 in
220 5457 273 5513 sude
297 5473 345 5514 nos
360 5469 538 5518 sacrosanctae
561 5463 694 5530 suessionis
709 5463 797 5533 ejusa
850 5461 914 5517 toris
930 5462 955 5517 in
970 5475 1059 5525 cruce,
1073 5475 1124 5531 qua
1137 5468 1249 5516 mortem
1259 5458 1332 5525 uicit,
1347 5460 1381 5515 ad
1396 5461 1553 5519 memoriam
1565 5463 1636 5522 dde-

107 5562 178 5605 aram
190 5551 308 5605 omnium
327 5552 386 5608 labe
401 5555 537 5622 puriiicat,
552 5569 583 5609 ac
598 5555 750 5623 purificatos
764 5557 797 5612 ad
850 5554 918 5609 libus
939 5551 1103 5622 depingendo
1128 5550 1228 5618 reduci,
1245 5552 1286 5606 uel
1301 5551 1352 5605 alia
1366 5551 1426 5622 ejus
1455 5553 1581 5611 miracula
1605 5564 1636 5614 et

107 5655 137 5697 au
150 5639 243 5713 pluria
257 5644 340 5714 ipsius
355 5648 480 5716 perennis
493 5647 651 5704 intromittit
674 5668 680 5702 :
702 5651 727 5705 in
743 5666 796 5714 ιιιιο
850 5644 1011 5712 sanationes,
1027 5642 1121 5714 quibus
1136 5642 1168 5698 de
1182 5641 1276 5700 ecdem
1291 5644 1385 5699 mortis
1399 5655 1508 5702 auctore
1520 5646 1631 5704 miniti-
