3794 6120
137 298 188 355 stit
403 300 437 359 tlt
455 301 643 362 sstttttttstt
664 305 870 365 usdtttstlttt
889 308 1108 370 subsecutus
1129 314 1320 373 ultusulu.
1338 348 1375 362 -
1392 317 1458 376 tib.
1478 319 1510 377 ll.
1721 325 1772 378 bul

138 424 207 467 tana.
233 413 294 483 lpse
308 423 396 471 autem
417 417 456 474 eis
479 417 669 477 decedentibus
690 423 823 492 paulisper
846 422 1096 496 sabel-Aprutium
1120 429 1228 500 qrridam
1254 431 1428 502 pinguissima
1450 435 1626 502 poenitudinis
1652 439 1772 492 rcrrredia

138 505 188 561 stit
202 506 229 561 in
245 505 357 573 mundo,¹
372 507 460 563 donec
481 508 625 566 iudicatum
648 511 771 569 ildelibus
786 512 841 570 suis
855 515 890 572 do
902 530 933 571 se
985 532 1035 588 pro
1048 519 1220 589 cogitatione,
1237 521 1381 587 locutione,
1398 531 1427 578 et
1441 523 1598 593 operstione
1610 523 1751 582 ollereuda
1766 544 1772 588 ;

138 612 190 669 per
202 599 350 669 propbetas
365 601 476 656 rerburu
492 603 579 658 Patris
590 605 720 674 expleret.
984 605 1028 662 alii
1043 609 1228 666 eorrssrmantia
1248 626 1296 667 cor
1312 613 1428 669 bominis
1441 614 1590 683 Scriptura
1611 626 1712 673 sancta
1735 618 1772 673 ci·

177 687 198 758 (l
215 687 282 759 Bag.
297 687 338 758 t.)
353 686 421 743 Tulit
436 690 637 747 autemSnmuet
648 693 796 749 lenticulam
808 695 867 761 olei,
880 703 931 751 etc.
986 699 1069 767 baria,
1083 718 1143 769 oue
1164 703 1260 773 triplici
1281 705 1383 761 ratione
1397 718 1510 773 constat,
1525 705 1616 763 diuino
1640 709 1692 764 sibi
1708 726 1771 766 mu·

142 776 217 833 tutta
228 777 347 833 ioannes
360 780 557 848 predicandam
571 781 688 854 Spiritus
700 786 786 840 sancti
807 787 930 857 gratiam,
984 794 1227 862 neeromantia,
1242 795 1285 849 alii
1303 796 1500 852 ferventissima
1516 799 1711 869 compunctivae
1725 801 1770 857 ui-

140 878 170 927 ει
184 879 269 925 totatu
293 870 354 940 ejus
376 872 570 938 plenitudinem
595 875 620 928 in
635 874 744 930 Christo
764 877 934 946 requiescere
984 882 1103 939 lectionis
1123 889 1218 955 pocula
1233 889 1259 941 iu
1275 888 1346 943 rasis
1365 889 1487 943 cordium
1512 889 1636 945 lictiiibus
1656 892 1711 948 beo
1728 891 1770 948 di-

141 972 255 1021 astatus
272 972 324 1026 est,
341 961 453 1017 dicens:
470 962 537 1030 Quin
558 963 611 1017 nidi
627 964 754 1036 Spiritum
769 966 933 1020 descenden-
983 974 1068 1030 carrda
1088 975 1221 1031 ferebant.
1237 977 1287 1044 Qui
1308 993 1369 1034 cum
1394 979 1420 1034 iu
1444 981 1501 1036 suis
1522 982 1620 1052 singuli
1642 983 1770 1053 gradibus

142 1064 190 1109 tra
208 1054 286 1124 passi
309 1052 453 1108 columbam
478 1054 511 1107 de
531 1056 605 1122 colo,
621 1065 646 1109 ct
666 1058 758 1112 nrcrrsit
782 1073 858 1127 super
875 1073 933 1112 cum
983 1051 1117 1120 itbrtsrnrn
1132 1067 1300 1125 Selinuntem
1314 1081 1501 1140 agnoscerent,
1518 1071 1629 1143 eiusque
1642 1074 1767 1129 incarna-

142 1142 247 1216 (saut.
273 1158 317 1210 tu;
339 1144 424 1198 Marc.
441 1145 473 1214 t).
490 1144 523 1199 Et
539 1146 608 1201 bene
630 1145 730 1215 effudit,
751 1148 812 1217 quia
836 1148 931 1212 oleant,
983 1154 1082 1207 tionem
1097 1153 1130 1208 ad
1145 1155 1236 1211 mundi
1250 1165 1375 1225 optarent
1386 1160 1528 1228 provenire
1546 1161 1670 1228 salutern,
1685 1162 1768 1219 dede·

142 1234 238 1306 brguit,
253 1234 364 1303 efferatur
378 1251 470 1290 nomen
486 1245 557 1290 tuum
570 1235 656 1306 (Cant.
669 1239 702 1308 r).
982 1255 1044 1301 rurrt
1057 1246 1083 1301 ei
1095 1247 1229 1316 geminum
1243 1249 1441 1322 scripturarum
1459 1254 1725 1323 interpretationem,
1742 1265 1770 1312 ut

175 1323 211 1380 Et
223 1325 389 1381 deosculatus
401 1333 439 1381 est
462 1342 532 1393 eum,
555 1338 607 1383 etc.
624 1328 659 1382 Et
674 1329 821 1399 prophetice
833 1330 931 1400 liguras
981 1343 1043 1407 post
1056 1336 1168 1404 primam
1183 1337 1307 1394 videlicet
1321 1339 1440 1397 bistoriae
1453 1343 1610 1410 lectionem,
1626 1361 1686 1416 quas
1707 1360 1770 1402 ante

143 1417 306 1489 mangelicar
320 1417 426 1473 ueritati
441 1418 556 1489 lldeitpue
568 1422 662 1490 gratire
677 1422 744 1491 legis
756 1422 863 1477 decreta
885 1422 929 1477 diu
983 1426 1042 1495 ejus
1057 1427 1268 1484 incarnationem
1285 1444 1332 1499 per
1346 1431 1432 1503 legem
1447 1435 1581 1503 completa
1596 1443 1648 1501 est,
1661 1436 1719 1505 ipse
1731 1441 1769 1492 al·

142 1508 301 1567 teuderaci
324 1510 399 1580 pacis
413 1510 511 1565 unione
527 1511 649 1581 sociauit,
664 1522 692 1569 ει
703 1514 740 1567 ait
758 1512 844 1567 :b'cre
858 1514 931 1567 unait
981 1515 1125 1587 legoricum
1141 1533 1245 1590 quoque
1267 1533 1295 1577 et
1320 1525 1495 1596 anagogicum
1519 1540 1641 1595 sensum,
1664 1529 1709 1598 qui
1724 1529 1767 1585 uel

142 1614 164 1659 ta
177 1604 260 1669 θαι,
283 1601 354 1658 0⁶¹⁸
368 1612 437 1670 illul·
460 1602 707 1659 ⁰¹0001⁸¹⁴⁸¹⁰⁸¹⁶⁰l¹5⁸
725 1620 779 1675 W
798 1605 931 1676 participi·
981 1610 1121 1679 presentis
1140 1612 1233 1681 gratia
1259 1614 1375 1680 ueritati,
1392 1616 1433 1671 rel
1458 1615 1552 1671 loturae
1567 1619 1629 1673 vitm
1651 1619 1767 1674 beatitu-

140 1694 183 1749 i¹⁸
200 1696 264 1758 ¹⁸5⁸·
281 1704 310 1748 ιιι
324 1692 440 1760 l⁰⁸¹⁸¹²⁸
453 1694 485 1748 “i
497 1710 537 1759 ιι,
548 1703 572 1747 ιι
583 1695 624 1746 det
636 1694 682 1748 ‘5⁶¹'
696 1705 781 1765 seim
794 1693 930 1749 iloeredl'lss·
980 1700 1035 1755 dini
1051 1711 1220 1772 congrueret,
1235 1713 1296 1759 actu
1310 1717 1440 1776 suscepte
1455 1707 1664 1778 dispensationis
1678 1714 1766 1782 aperi-

140 1796 183 1841 ttrta
194 1793 280 1852 tuat,
291 1793 317 1838 et
330 1784 515 1854 possessionem
528 1792 598 1837 taam
612 1785 734 1839 terminos
751 1792 826 1838 terre
838 1781 925 1855 (Psoi.
944 1775 967 1836 B
981 1800 1032 1849 tct.
1046 1792 1119 1860 Qnros
1133 1792 1260 1848 nimirum
1275 1809 1382 1864 qunque
1402 1811 1483 1866 pines
1507 1799 1541 1855 ιθ
1554 1814 1635 1854 manu
1651 1800 1767 1857 0110500.

140 1876 216 1945 ωε).
980 1884 1044 1939 tium
1057 1886 1170 1954 accepit,
1186 1887 1293 1956 quando
1305 1885 1444 1958 discipulis
1458 1891 1564 1960 diguam
1579 1893 1763 1960 operationem

169 1971 234 2026 ders
255 1968 480 2024 deerraturos
504 1985 554 2035 rue,
570 1969 680 2025 inueniet
702 1967 855 2037 duostiros,
874 1975 925 2023 ule·
981 1991 1029 2046 pro
1046 1977 1148 2031 meritis
1162 1981 1268 2045 aperuit
1295 1994 1415 2048 tensum,
1441 1990 1470 2035 ut
1493 1980 1674 2053 intelligerent
1688 1982 1764 2040 Scri·

139 2062 202 2119 dum
217 2061 309 2117 abiret
321 2059 401 2116 lesus
415 2062 509 2130 plenus
529 2060 631 2129 Spiritu
649 2071 744 2117 sancto
766 2062 799 2118 de
811 2060 927 2118 iordane
981 2077 1081 2134 pturas.
1107 2069 1168 2136 Cui,
1193 2069 1221 2124 ni
1245 2068 1335 2138 iallur,
1360 2073 1437 2127 trium
1454 2088 1552 2143 panum
1575 2075 1764 2146 interpretatio

140 2150 296 2218 lumbe»
312 2151 416 2208 ῑιιιθιῑῑ
426 2150 471 2206 diu
485 2151 602 2220 berdi¹0³
614 2153 725 2224 bellidis
736 2153 862 2224 'populos
878 2154 925 2210 sed
980 2160 1157 2232 pulcherrima
1176 2162 1556 2235 rationecoucinl13quodet
1574 2167 1599 2220 iu
1616 2167 1763 2237 Evangelio

139 2244 189 2313 irat
202 2252 267 2300 tuno
286 2242 340 2299 lida
354 2251 382 2298 et
395 2244 551 2314 operatione
565 2243 749 2300 conllrtuatos.
764 2243 866 2303 inuenit
881 2261 928 2300 au·
980 2252 1076 2322 petitor
1088 2252 1236 2323 improbus,
1263 2254 1379 2310 instante
1403 2254 1501 2324 inopia
1522 2256 1692 2323 necessitate,
1708 2265 1763 2313 tras

139 2345 188 2394 tm
200 2350 263 2403 eos,
282 2336 317 2390 ad
332 2337 427 2391 salutis
448 2338 539 2403 utiquc
561 2337 629 2390 uiarn
646 2338 816 2405 reuocando;
833 2348 861 2394 ει
875 2338 926 2394 lroc
978 2357 1055 2411 moue
1080 2358 1162 2414 panes
1189 2345 1223 2399 ab
1250 2346 1337 2400 amico
1366 2344 1439 2400 fideli
1461 2347 1576 2417 querit,
1605 2355 1633 2402 et
1658 2347 1763 2416 accepit

138 2438 260 2485 mute
275 2426 404 2497 paulatim
426 2434 454 2481 et
468 2426 550 2482 ueluti
574 2425 703 2483 moritura
718 2443 749 2485 ac
772 2429 925 2499 sepelienda
979 2433 1055 2508 (Lite.
1072 2435 1121 2505 rr).
1137 2434 1171 2489 Et
1193 2437 1220 2491 in
1243 2434 1373 2501 Leuitico,
1389 2435 1517 2491 offerendi
1544 2437 1578 2492 ad
1602 2435 1763 2492 sacrillcium

136 2522 277 2596 bpoagoga
291 2521 408 2577 carnalis
431 2520 616 2587 obseruantia,
629 2522 663 2577 de
681 2537 731 2592 qua
747 2524 805 2591 ipse
818 2536 925 2578 caruem
978 2540 1061 2597 panes
1083 2525 1199 2582 trimodo
1209 2526 1338 2598 jubentur
1352 2538 1471 2583 cocturae
1490 2542 1590 2598 genere
1605 2528 1761 2598 praeparari,

123 2617 275 2697 ,uespera
298 2613 425 2685 dignatus
448 2620 499 2669 est.
528 2613 629 2668 llacbel
652 2615 751 2683 quippe
772 2611 822 2669 suit
841 2624 926 2669 mater
978 2619 1004 2672 in
1021 2619 1128 2673 elibano
1150 2619 1284 2687 videlicet,
1312 2621 1339 2675 ln
1365 2621 1510 2689 sartagine,
1537 2629 1565 2676 et
1589 2620 1615 2674 in
1637 2619 1764 2676 craticula

136 2706 318 2778 kinnim
343 2706 413 2761 tribu
429 2705 529 2775 deque
545 2704 609 2760 Saul
630 2705 761 2776 originem
780 2706 865 2762 duxit.
884 2707 925 2760 ln·
977 2708 1069 2781 (berit.
1084 2710 1125 2782 u).
1140 2709 1168 2766 ln
1189 2712 1316 2767 craticula
1339 2726 1455 2782 namque
1472 2713 1565 2767 assatis
1581 2714 1692 2782 panibus
1711 2713 1763 2767 ali-

136 2800 206 2857 mit
218 2810 311 2856 autern
333 2811 401 2871 quot
414 2798 533 2854 salvaret
548 2796 691 2864 Dominus,
707 2807 734 2854 ει
747 2797 823 2867 quasi
845 2797 925 2854 tueri·
976 2817 1046 2867 mur,
1060 2818 1119 2856 cum
1139 2817 1170 2857 ea
1186 2819 1245 2872 que
1254 2803 1329 2873 justa
1345 2804 1458 2857 litteram
1475 2810 1575 2871 aperte,
1595 2813 1623 2858 ct
1637 2803 1695 2858 sine
1712 2803 1762 2858 ali-

137 2893 212 2949 tuso
223 2906 302 2948 ncrae
315 2890 477 2956 dilectionis,
492 2890 520 2945 in
535 2888 641 2944 fervore
650 2903 682 2944 ac
693 2889 812 2944 scientiis
824 2888 924 2944 irrutine
975 2908 1026 2964 qua
1050 2893 1200 2950 obtectione
1223 2895 1293 2949 dicta
1319 2896 1360 2950 vel
1384 2904 1442 2952 acta
1465 2902 1537 2964 sont,
1564 2893 1597 2949 ad
1623 2894 1759 2950 tutandam

137 2981 254 3056 luigente
266 2983 303 3039 do
313 2982 481 3048 coelestibus,
493 2983 519 3037 iu
536 2982 633 3037 linibus
645 2982 737 3052 gratia
752 2991 779 3038 ει
792 2981 922 3049 ueritatis,
974 2984 1054 3040 animi
1065 2985 1177 3039 salutern
1190 2985 1361 3055 percipimus.
1375 2985 1402 3040 ln
1418 2985 1553 3056 sartagine
1570 2994 1659 3040 antam
1671 2984 1759 3052 frixis,

139 3089 195 3147 gn
216 3075 254 3131 ad
278 3076 510 3144 comparationem
535 3073 603 3144 legis
628 3088 675 3142 per
701 3073 820 3145 lirrysem
840 3072 919 3137 data,
974 3075 1080 3145 quando
1093 3075 1187 3130 litterre
1207 3076 1376 3144 superliciern
1399 3090 1471 3147 saepe
1484 3075 1660 3130 rersaurloac
1680 3085 1761 3131 retra-

139 3168 211 3237 ensi
223 3168 337 3227 dextera
348 3177 390 3224 εει
402 3166 434 3221 ad
446 3167 593 3222 sinistram.
610 3165 687 3222 llnde
701 3175 774 3222 recte
782 3164 921 3236 Beniamin
935 3125 958 3188 C
975 3168 1083 3234 ctando,
1098 3168 1161 3239 quid
1178 3169 1204 3223 in
1220 3167 1270 3223 bac
1284 3167 1381 3223 cbristi
1396 3166 1538 3239 mysteriis,
1554 3166 1618 3237 quid
1634 3166 1763 3221 Ecclesia

140 3254 204 3313 ilius
223 3258 345 3313 dexterae
369 3256 571 3326 interpretatur.
603 3256 655 3323 Qui
683 3255 810 3311 nimirum
831 3252 920 3328 populi
975 3257 1114 3314 cstlrolicae
1134 3258 1225 3323 statui,
1246 3257 1309 3330 quid
1324 3257 1485 3330 castigandis
1499 3258 1665 3326 singulorum
1681 3257 1762 3310 tuori-

140 3350 273 3407 trsdsates
293 3350 395 3404 iurcuti
412 3346 625 3403 misericorditer
642 3361 658 3401 a
681 3345 789 3402 Cbristo
803 3346 922 3403 coruiessi
975 3347 1026 3405 bus
1037 3349 1180 3418 allegorice
1194 3358 1322 3418 congruat
1336 3349 1502 3418 inspicimus.
1516 3348 1600 3403 Porro
1614 3348 1641 3402 in
1654 3346 1759 3402 clibano

143 3453 208 3509 sust,
222 3444 281 3513 eius
304 3441 444 3498 benellciis
470 3441 569 3511 gratias
592 3439 708 3510 agendo,
730 3440 801 3508 quod
823 3441 923 3495 anima
976 3455 1071 3511 paueru
1088 3440 1160 3496 verbi
1175 3441 1331 3511 querimus,
1355 3441 1461 3510 quando
1480 3441 1561 3495 etiarn
1577 3454 1607 3495 cs
1623 3455 1682 3510 qaue
1698 3455 1762 3493 rron·

144 3531 253 3601 tanam
267 3532 355 3588 instar
368 3532 507 3588 brutorum
525 3531 680 3586 animalium
693 3531 829 3603 quondam
844 3546 923 3586 erro·
974 3533 1037 3587 dum
1052 3530 1142 3587 videre
1154 3544 1304 3602 possumus,
1328 3531 1374 3587 sed
1394 3531 1421 3585 in
1437 3529 1528 3586 lurturo
1542 3530 1655 3585 riucrrds
1674 3544 1761 3601 spera·

147 3638 204 3693 stt,
214 3625 318 3682 coelesti
330 3624 385 3695 jam
399 3624 453 3678 sint
467 3624 551 3695 gratia
567 3623 724 3692 redempte,
741 3638 788 3693 per
799 3639 860 3679 eum
879 3624 924 3692 qui
974 3637 1045 3689 uttts,
1062 3622 1088 3677 in
1111 3622 1251 3692 Scriptura
1266 3623 1422 3692 anagogica,
1448 3623 1473 3675 id
1495 3631 1536 3676 est
1556 3636 1661 3676 sursum
1677 3622 1761 3675 latura

147 3716 320 3788 ιιιίιςιᾱεεεε
329 3719 460 3771 stratuum
470 3716 554 3786 [acere
566 3716 634 3784 quod
644 3717 754 3786 perierat
764 3715 840 3786 (Luc.
852 3719 921 3786 aix).
974 3714 1072 3768 mentis
1086 3713 1233 3767 intentione
1246 3711 1459 3780 complectimur.

149 3804 254 3864 imlessi
279 3815 344 3864 sunt
366 3808 446 3862 etium
472 3807 533 3863 ssdei
557 3808 696 3878 mysteria,
711 3822 770 3878 quac
790 3807 921 3871 didicere,
1009 3804 1074 3859 Post
1097 3805 1150 3857 bec
1165 3805 1249 3858 seruies
1272 3806 1298 3857 iu
1321 3805 1412 3858 collem
1433 3802 1549 3869 Domini,
1566 3803 1608 3856 ubi
1633 3812 1671 3856 est
1685 3802 1761 3854 statio

151 3898 206 3967 tuti
226 3898 389 3965 intermissa,
406 3897 457 3953 boc
472 3908 513 3953 εει
535 3897 569 3953 arl
594 3899 686 3953 boram
704 3898 826 3965 dimissa,
845 3901 922 3955 Pater
976 3897 1203 3963 Piiiirtbinornm,
1216 3908 1268 3951 etc.
1284 3896 1385 3950 cnttcru
1401 3893 1506 3950 llousiui
1528 3896 1647 3951 Gabatlra
1662 3894 1757 3948 civita-

150 3990 306 4061 tnoipotens
326 3990 462 4045 latinorum
478 3990 639 4046 bcbctudiue
653 4006 668 4044 a
688 3990 804 4061 pigritia,
822 3992 924 4047 sollici·
974 4000 1039 4054 tem,
1050 4003 1110 4059 quaa
1124 3989 1314 4058 iuterpretatur
1324 3985 1410 4052 collis,
1423 3987 1551 4056 intellige.
1566 3985 1681 4040 llcniens
1693 3999 1759 4055 crgo

95 4058 97 4075 Ι
152 4080 418 4151 tartaampralbuo
437 4096 498 4145 auo,
521 4081 735 4138 ctcredentibus
755 4083 868 4148 iseum,
889 4097 922 4137 ne
975 4082 1103 4138 Dominus
1118 4094 1201 4148 usqne
1226 4080 1259 4133 ad
1283 4078 1468 4135 celsitudinem
1483 4078 1582 4133 diuina·
1597 4092 1653 4132 susc
1676 4076 1759 4145 maje-

154 4166 209 4229 late
221 4174 320 4229 turbati
333 4173 461 4242 passione
474 4170 555 4237 illius,
574 4188 587 4225 a
605 4172 656 4227 ilde
666 4172 859 4237 desciscerent,
873 4173 922 4227 do·
973 4173 1050 4230 statis
1065 4170 1250 4243 exponendam
1274 4170 1442 4236 mortalibus,
1458 4186 1538 4238 uuam
1561 4170 1612 4226 sibi
1627 4167 1759 4224 immundi

152 4270 189 4316 stc
204 4264 337 4334 compieta
362 4261 495 4334 passionis
518 4262 638 4332 ejusdem
654 4263 868 4334 dispensatione,
893 4272 920 4319 ει
973 4264 1083 4335 spiritus
1098 4263 1246 4334 procaciter
1257 4264 1431 4333 usurpabant,
1444 4272 1596 4317 consortem
1608 4260 1759 4331 adjutorem

153 4354 340 4411 nomionis
355 4355 440 4427 gloria
453 4354 599 4419 celebrata,
614 4356 792 4424 opportunius
814 4357 855 4412 rel
870 4355 921 4413 Ju-
973 4367 1000 4411 ει
1023 4363 1118 4411 testem
1143 4370 1199 4410 sua
1224 4353 1421 4424 praedicationis
1439 4369 1545 4425 gregem
1569 4353 1758 4423 prophetarunt

153 4439 253 4502 hana
266 4447 310 4503 tol
323 4447 442 4517 gentium
454 4445 618 4513 immundas,
638 4461 697 4515 ottae
712 4447 744 4502 ad
762 4456 867 4516 terripus
878 4448 920 4502 in·
938 4448 1183 4544 1,accepitnutta
1198 4447 1269 4514 quod
1289 4455 1315 4501 et
1330 4447 1399 4516 ipse,
1415 4460 1468 4500 uuo
1483 4460 1515 4501 es
1530 4447 1569 4502 eis
1586 4447 1664 4500 Esaia
1679 4446 1760 4509 lecto,

155 4534 297 4605 usuum,
308 4536 415 4592 animas
425 4551 546 4606 qtnaerere
557 4536 688 4590 etsalrari
704 4536 875 4606 praeciperem
889 4546 919 4592 ut
973 4539 1112 4610 perdocuit
1127 4537 1202 4609 (duc.
1217 4540 1272 4609 tt);
1297 4538 1342 4608 qui
1366 4538 1491 4593 nimirum
1508 4536 1645 4606 propliette
1659 4537 1712 4590 rita
1733 4546 1762 4591 et

95 4684 97 4701 ,
154 4618 328 4699 Μιμειε
341 4627 397 4699 jans
413 4627 519 4683 lucrant
531 4629 658 4695 intentae,
680 4629 796 4697 pter-lecte
813 4630 919 4684 bonini
973 4631 1057 4686 uerbo
1070 4632 1144 4701 quasi
1155 4645 1256 4698 organo
1270 4630 1339 4700 quod
1356 4631 1508 4700 tangebant,
1523 4639 1549 4683 ct
1562 4628 1681 4683 carmine
1691 4627 1762 4697 quod

95 4780 100 4805 ι
153 4715 413 4791 uimrgregarentur
423 4720 455 4775 ad
467 4735 598 4791 presepe.
972 4720 1107 4782 dicebaut,
1135 4719 1257 4785 consoui,
1283 4719 1317 4774 de
1341 4720 1444 4774 occulta
1473 4733 1586 4773 sururuar
1610 4719 1702 4791 gloria·
1728 4719 1761 4773 ad

95 4838 98 4881 l
177 4805 277 4880 ΰιψε
295 4811 389 4865 abierit
401 4811 472 4878 iude,
487 4820 512 4865 ct
534 4812 602 4865 uitro
622 4813 764 4875 transiens,
782 4822 834 4865 etc.
851 4811 919 4868 Cre-

95 4884 99 4901 '
155 4905 225 4955 litato
235 4917 317 4957 cursu
332 4916 388 4955 srrre
410 4902 539 4957 doctrinae
554 4902 678 4957 Salvator
698 4902 818 4969 persenit
836 4918 920 4972 risque

155 4987 374 5050 drumnandnrn
389 4993 527 5062 discipulis
549 5008 605 5049 stite
627 4993 759 5064 passionis
780 5008 919 5062 arcanum,

154 5078 207 5141 Ν
224 5083 324 5139 nurrdo
345 5092 418 5138 esset
440 5084 554 5138 excelsas
570 5084 636 5139 lucis
659 5087 729 5139 storia
754 5082 919 5140 redditurus.

154 5162 360 5249 lutaruutppe.
372 5176 420 5248 qui
431 5187 473 5232 est
484 5192 561 5232 mous
575 5177 733 5242 altissimus,
747 5186 775 5233 et
789 5178 919 5247 iuterpre-

152 5267 206 5323 Νη
215 5272 323 5326 resins
335 5271 426 5326 lumen
436 5289 444 5334 ;
456 5279 484 5327 et
496 5270 607 5327 nuntiae
619 5281 645 5328 et
665 5272 718 5327 situ
731 5272 842 5327 tirillcre
856 5288 919 5325 cru·

151 5348 180 5407 ἀι
198 5360 331 5429 rrpsteriis
345 5360 458 5428 arridet,
473 5360 551 5432 cujus
572 5370 741 5419 sacramenta
757 5361 919 5431 paudeuteru

151 5436 273 5504 huam
284 5449 453 5521 quesierunt
468 5452 638 5521 suppliciter,
650 5462 677 5507 ει
692 5453 851 5508 iurauerunt
866 5451 920 5507 lor·

148 5541 181 5593 lu
195 5541 294 5613 gaique
306 5552 409 5597 sancta
422 5541 562 5599 Trinitatis
575 5542 746 5599 euulcssures
769 5543 919 5598 aseenden-

145 5632 234 5703 letpiis
245 5633 412 5702 proleetibus
422 5635 454 5689 au
467 5634 552 5690 bourn
566 5636 592 5690 in
609 5635 738 5700 Ecclesia,
749 5651 807 5705 quo
818 5645 859 5691 est
871 5633 919 5691 lle·

142 5718 196 5793 lbel,
212 5724 239 5781 id
259 5731 302 5783 eat
316 5725 414 5781 dutuus
430 5723 496 5792 ilel;
519 5726 563 5795 oui
589 5724 736 5782 secundum
757 5726 844 5782 datam
867 5726 918 5780 sibi

972 4809 1125 4865 communia
1148 4808 1324 4862 bumausstatts
1352 4807 1456 4861 inllrmu
1477 4806 1600 4861 solebant
1626 4806 1760 4874 operando

973 4903 1073 4971 pariter
1086 4909 1113 4955 et
1126 4899 1259 4968 loquendo
1272 4898 1372 4953 redire.
1392 4898 1426 4952 Et
1441 4897 1552 4967 pulchre
1567 4912 1632 4967 grex
1647 4897 1759 4966 proplie-

970 5000 1057 5047 tarum
1080 4992 1114 5045 de
1138 4990 1247 5045 excelso
1268 4989 1441 5044 descendeus
1467 4998 1495 5044 et
1509 4988 1683 5058 prophetans,
1706 5001 1759 5041 nnn

971 5089 1030 5151 post
1041 5094 1071 5134 se
1086 5094 1183 5150 genera
1196 5080 1372 5146 musicorum,
1389 5080 1435 5132 sed
1451 5091 1514 5133 ante
1529 5094 1558 5133 se
1573 5078 1699 5132 babuisse
1712 5077 1758 5132 dc·

969 5170 1105 5226 scribitur.
1131 5170 1179 5225 llic
1194 5171 1266 5224 cuim
1284 5170 1377 5225 doctor
1394 5184 1458 5225 aere
1483 5168 1508 5222 iu
1524 5168 1642 5224 ¹excelso
1663 5167 1759 5221 diuinus

969 5262 1201 5331 contemplatioub
1218 5277 1248 5317 se
1270 5262 1352 5317 tutuo
1375 5260 1584 5328 deutruustratnr,
1600 5260 1645 5329 qui
1660 5260 1694 5313 sd
1718 5257 1758 5312 iu-

971 5357 1105 5424 qnenluut
1120 5353 1266 5408 lrurnllibus
1276 5353 1443 5423 iullrutisque
1453 5351 1680 5416 condescendens,
1690 5365 1757 5406 cun-

971 5462 1013 5506 cta
1038 5465 1099 5520 quse
1125 5450 1247 5503 dicturus
1271 5456 1312 5504 est
1341 5445 1525 5517 predicando,
1552 5459 1669 5499 consona
1698 5447 1757 5499 utici

972 5556 1051 5597 manu
1068 5549 1254 5610 premonstrat
1269 5538 1415 5609 operando,
1441 5537 1574 5607 ottoutodo
1597 5538 1632 5592 dc
1646 5537 1760 5593 btrrnino

971 5635 1097 5703 scripturn
1114 5641 1156 5688 εει
1170 5650 1176 5684 r
1191 5632 1254 5699 Quae
1273 5633 1347 5701 cupit
1362 5631 1438 5685 Jerttt
1453 5633 1536 5701 {acere
1549 5639 1573 5685 et
1588 5630 1678 5685 docere
1689 5632 1756 5703 (Art.

972 5725 1002 5797 r).
1019 5723 1227 5780 occurrentibus
1241 5736 1305 5792 ergo
1324 5721 1375 5776 sibi
1391 5720 1539 5791 proplrctis,
1562 5723 1625 5778 Saul
1649 5734 1759 5787 arcs-ruo
