3794 6120
125 272 175 331 951

379 270 478 325 iiiilldi
501 259 727 319 i'l⁴,?llili.lllll,lS
746 257 888 313 oodttttt
907 255 996 312 l'dllS
1015 253 1045 309 ΙΙ.
1061 285 1096 296 -
1116 250 1310 307 EXEGETlCA
1330 249 1491 307 deuotus.
1572 308 1577 313 ,

1709 249 1761 305 931

122 404 188 460 ergo
201 389 312 460 angelos
328 394 487 446 ditectionem,
504 381 547 450 nui
563 381 673 434 Tobiain
685 375 808 432 occidere
822 371 912 440 cupie-
929 370 951 428 Α
966 367 1055 435 ginesio
1076 374 1103 419 cl
1124 380 1222 418 eortina
1247 375 1422 428 sanctorum,
1452 363 1543 418 auritis
1568 361 1691 418 letitiam
1717 367 1760 418 tri·

126 486 180 548 liat,
197 481 285 551 ligarit
300 481 325 533 iii
341 479 447 532 deserto
461 473 607 543 superioris
622 471 746 542 AEgypti;
763 466 824 537 qaia
839 465 912 518 rolri-

124 577 205 628 iiitoru
220 589 235 627 a
253 583 328 641 rapto
346 570 477 631 lideliniri,
492 569 536 637 qui
560 565 680 620 rnernbra
706 568 768 615 suot
797 558 838 613 sui
861 557 912 609 ilc·

123 664 282 731 donintona,
299 663 367 715 idern
385 661 511 714 Dominus
526 667 552 710 et
565 654 728 719 Redemptor
740 658 832 704 noster
856 647 914 697 ‹lia-

125 756 213 808 liolorn
234 752 384 807 irrlidclilros
417 758 517 805 tanturn
554 745 684 802 dominari
718 740 857 811 permittit.
885 736 912 790 lii

123 844 221 912 quilius
244 845 324 896 etiarn
353 841 461 910 ligatum
487 848 559 893 tenet
586 835 739 903 enui;qiiia
763 846 813 884 nec
841 829 914 897 ipsos

127 948 195 1001 arros
207 935 323 1003 possidet
335 931 441 999 impio,
451 942 552 984 tarrtiinr
562 927 658 982 laedere
669 925 913 991 stationarium

124 1025 266 1079 insatiabili
278 1024 367 1079 littore
380 1023 523 1076 desiderat.

159 1114 262 1169 litteren
277 1116 344 1168 circa
368 1115 495 1185 pullorurir
516 1121 619 1164 cantani
646 1109 735 1161 timeris
750 1104 858 1175 Regini,
879 1119 912 1157 rie

124 1208 298 1278 [orteoccisits
311 1216 375 1259 erret
393 1223 408 1258 a
432 1205 548 1256 dictitare
566 1200 669 1264 Tobios,
682 1200 747 1270 [odit
770 1198 914 1264 spuicram

123 1312 180 1350 curii
194 1297 288 1359 serois;
302 1299 345 1348 teil
358 1295 406 1347 lioc
425 1293 556 1363 confertior
580 1292 666 1360 aprrita
686 1291 807 1355 sospitate
832 1288 913 1354 illias,

124 1391 199 1463 jussit
213 1399 281 1443 terra
293 1388 394 1455 repleri.
409 1387 510 1440 Cautus
526 1385 655 1453 pulloruin
671 1398 753 1437 sonus
782 1389 823 1436 est
850 1396 914 1448 prae·

124 1483 294 1543 dicentium.
323 1481 367 1548 arri
390 1494 450 1534 curn
480 1494 558 1533 ruane
585 1478 709 1546 dierrripre
733 1492 822 1530 reriini
853 1475 914 1529 fidei

127 1572 298 1641 ntundopost
320 1570 445 1624 tciroliras
471 1571 569 1624 erroris
596 1568 747 1622 adlrrtrtrunr
776 1578 914 1632 canerem,

124 1673 203 1717 erant
217 1663 324 1730 quitiam
340 1666 364 1716 iri
378 1664 474 1731 populo
490 1661 618 1732 giirrtinrrr,
643 1661 687 1729 uiri
702 1661 854 1714 dubitarent
880 1674 912 1713 an

969 460 1061 519 liorrrrt,
1076 469 1101 511 rt
1116 457 1189 527 troad
1205 460 1308 530 epulas,
1322 472 1356 512 eri
1372 471 1486 526 qnorum
1502 456 1660 511 relleirurtur
1670 471 1759 511 exeni-

968 551 1028 620 plis,
1044 549 1183 618 recipiunt.

1004 639 1037 692 lt't
1048 641 1143 712 adjura
1159 642 1177 692 it
1204 639 1301 710 Rogati
1326 638 1442 704 Tulliani,
1462 649 1490 691 ut
1504 639 1569 692 diros
1584 638 1730 691 hebdomad
1745 657 1757 693 s

967 743 1109 786 moraretur
1134 735 1204 798 apud
1228 748 1298 786 euni.
1321 734 1486 801 adjuramus
1499 742 1523 785 et
1540 747 1590 786 nos
1617 731 1755 786 llonrinuor

968 840 1098 888 nostruin.
1124 838 1232 880 iirarrtet
1252 837 1280 879 ut
1294 825 1433 880 nobiscarn
1454 835 1573 890 maneat,
1598 825 1688 879 donec
1699 841 1756 893 per·

968 920 1105 972 iectiorrerir
1119 928 1217 972 sancta
1231 917 1332 987 requici
1347 932 1395 984 per
1416 917 1531 984 Spiritus
1543 918 1632 970 macti
1646 919 1757 985 gratissi

966 1026 1173 1079 cirrrseqoauur,
1187 1024 1238 1079 ipos
1251 1009 1452 1078 requiescamus
1463 1023 1477 1063 a
1488 1009 1632 1063 aerrtttoos
1643 1009 1757 1071 actiliiis.

967 1100 992 1152 iii
1006 1110 1056 1164 est,
1076 1104 1189 1167 peccatis
1202 1102 1228 1154 in
1242 1116 1367 1168 corpore,
1381 1110 1407 1152 et
1422 1116 1437 1153 a
1453 1099 1544 1169 piaris
1553 1101 1760 1170 cogitationibus

966 1196 992 1248 io
1009 1205 1116 1260 iriente;
1133 1205 1160 1249 et
1183 1197 1337 1263 requiescit
1350 1194 1376 1247 io
1392 1206 1484 1247 irostro
1508 1194 1591 1247 cante
1606 1204 1634 1248 et
1651 1208 1760 1261 corpore

966 1289 1023 1351 ipsc
1037 1287 1081 1357 ipri
1103 1287 1151 1351 ait,
1179 1287 1265 1352 Super
1276 1300 1356 1355 qrrenr
1382 1284 1532 1353 requiocet
1547 1284 1661 1351 spiritus
1676 1297 1759 1345 meos,

967 1380 1017 1432 nisi
1041 1394 1122 1443 super
1147 1377 1276 1432 liuniilenr
1292 1386 1318 1431 et
1333 1376 1451 1444 quietura
1474 1385 1501 1430 et
1522 1384 1687 1428 trementem
1706 1388 1761 1428 ser·

967 1486 1059 1525 itiones
1075 1470 1164 1524 tueosl

1002 1563 1080 1632 (Tuli.
1097 1563 1147 1631 rx.)
1167 1561 1235 1615 Petit
1256 1561 1376 1631 anpelttrii
1392 1559 1495 1622 Tollius,
1517 1570 1546 1613 at
1559 1576 1693 1613 ammeio
1705 1560 1761 1613 uiri

967 1655 1045 1708 mulia
1056 1657 1105 1708 siae
1119 1656 1221 1707 seruitio
1234 1655 1310 1707 anilat
1332 1656 1366 1708 ad
1381 1653 1547 1710 (anhelantia
1564 1653 1653 1726 auger
1673 1651 1760 1708 liede-

127 1771 190 1809 rere
206 1754 335 1808 Dorrrinus
362 1756 465 1808 liosteru
494 1754 601 1806 iicisset
625 1752 774 1819 antiquato,
800 1719 1033 1816 ideoipoeBriiiri‚
1057 1748 1196 1816 reddatque
1206 1748 1229 1801 ei
1243 1747 1441 1819 chirographum
1463 1765 1551 1815 saum,
1569 1757 1594 1803 et
1613 1749 1758 1821 recipiutd

125 1847 204 1900 lidern
219 1847 336 1900 niominis
348 1843 407 1913 ejus
421 1847 533 1898 oliruere
559 1853 638 1910 atque
650 1842 816 1895 abscondere
831 1840 915 1894 satius

124 1926 287 1991 aestiruarcri't
299 1953 306 2001 ;
319 1936 363 2004 qiri
380 1944 468 1988 tanren
485 1934 652 2003 postrnoduin
668 1933 756 2002 agnita
771 1932 830 1985 luce
846 1930 915 1984 teri·

126 2029 198 2090 tetis,
215 2028 290 2097 arrisi
303 2043 397 2080 aorirra
413 2027 574 2096 procedente
585 2036 612 2081 ct
625 2026 811 2080 crebrescente
826 2027 914 2094 pullo·

126 2134 185 2172 rrrrrr
210 2128 300 2180 cantii,
315 2117 340 2172 iil
353 2127 405 2183 est,
419 2133 483 2172 erice
496 2120 648 2186 doctorurn,
674 2118 718 2187 qrri
742 2119 775 2172 ad
799 2130 915 2187 superna

127 2207 258 2261 ilesidcria
274 2208 355 2262 alacri
371 2209 460 2262 cordis
471 2209 558 2262 roiatii
583 2223 612 2262 se
628 2208 716 2263 letare
742 2217 915 2272 consuerunt,

127 2313 208 2353 niorie
224 2299 342 2353 nirlriluin
359 2297 532 2353 ilooitaiionis
544 2313 591 2352 soa
603 2298 637 2352 de
647 2307 735 2353 urente
747 2298 916 2367 pepulerunt,

125 2404 156 2444 ac
167 2393 297 2444 ueraciter
313 2392 459 2456 Cirristunr,
472 2392 547 2444 iroste
562 2399 704 2460 prostrato,
718 2405 846 2459 sponsum
857 2403 918 2445 esse

124 2492 223 2535 sarirctae
238 2482 363 2536 Ecclesiae
377 2491 568 2550 cognorerunt.

966 1854 995 1892 eo
1009 1839 1154 1910 pecuniarii,
1169 1848 1291 1908 rogetque
1303 1855 1361 1892 eniri
1383 1839 1467 1893 eeaire
1480 1840 1514 1892 aa
1527 1845 1636 1911 nuptias
1658 1841 1722 1907 ejici,
1736 1848 1759 1894 et

965 1931 1065 1984 annuit.
1084 1929 1178 1984 P··tont
1208 1931 1346 1984 ltoininom
1361 1931 1462 1997 fideles,
1487 1935 1613 1988 mentina
1638 1934 1757 1990 videlicet

967 2024 1060 2094 ipsius,
1075 2033 1104 2078 ot
1119 2035 1238 2078 asstinrat
1266 2027 1369 2094 aliquos
1379 2025 1414 2080 de
1438 2027 1635 2097 credentibus,
1670 2032 1754 2097 eisaie

967 2117 1039 2170 verlri
1053 2115 1212 2185 praedicandi
1230 2118 1365 2186 negotium
1380 2121 1545 2181 committat,
1561 2129 1589 2173 et
1606 2120 1666 2188 ipse
1681 2121 1754 2174 ineis

967 2207 1056 2260 reiiiat
1082 2207 1114 2259 ad
1136 2206 1300 2275 colligendas
1315 2208 1341 2261 ln
1357 2206 1435 2262 lideni
1459 2223 1537 2262 surim
1562 2214 1753 2278 nationesque

968 2300 1081 2353 rrecdoin
1108 2299 1167 2353 fidei
1199 2299 1328 2370 mysteria
1354 2310 1550 2367 susceperunt,
1578 2301 1631 2355 sed
1660 2311 1753 2355 tantan

968 2390 1065 2443 larrrarn
1092 2390 1235 2445 audierant
1251 2407 1258 2454 ;
1273 2389 1366 2457 eisoue
1377 2390 1509 2445 concedat
1521 2391 1667 2460 propitius,
1682 2400 1709 2446 tit
1721 2400 1755 2445 tr·

969 2482 1069 2535 lentant
1085 2480 1158 2535 rerlri
1174 2481 1244 2548 guod
1271 2481 1341 2535 lirina
1366 2481 1528 2547 didicerunt,
1545 2496 1595 2548 per
1611 2482 1674 2537 lirici
1695 2482 1755 2536 alie·

160 2573 271 2626 Laiaioi
286 2572 383 2642 ttapiet
407 2574 439 2627 de
452 2576 503 2626 rito
520 2571 615 2638 Tabia,
643 2580 668 2625 et
681 2573 713 2626 de
734 2572 917 2643 conjunctione
967 2572 1093 2626 dientiani
1114 2571 1246 2637 reddain;
1262 2582 1289 2626 et
1305 2573 1353 2639 ipsi
1368 2587 1474 2642 quoipue
1489 2572 1524 2626 ad
1538 2572 1651 2642 urrptias
1662 2582 1755 2628 uarie

126 2679 156 2715 ac
170 2666 265 2732 nuptiis
278 2665 340 2732 filiae
352 2679 415 2726 itta,
427 2662 485 2733 iecit
497 2664 580 2716 accidi
588 2664 653 2717 duas
662 2679 751 2716 uaccas
764 2666 880 2733 pingues,
893 2671 916 2715 et
968 2661 1103 2724 Ecclesiae.
1120 2663 1145 2717 in
1160 2678 1177 2732 q
1191 2663 1258 2718 :ibus
1270 2678 1384 2732 sponsus
1399 2673 1441 2717 est
1463 2663 1603 2728 Christus,
1628 2667 1654 2717 iu
1668 2664 1755 2733 ouibus

124 2766 235 2827 quatuor
250 2757 351 2821 arietes,
365 2767 389 2808 er
400 2755 487 2823 pariari
506 2756 595 2823 epulas
620 2754 736 2808 coraibus
751 2753 840 2807 oiciitis
853 2751 917 2817 sair,
967 2756 1058 2810 rinnrn
1074 2754 1107 2809 de
1121 2768 1189 2824 aqna
1212 2770 1309 2809 noruirr
1334 2752 1406 2820 lecit,
1417 2754 1444 2808 id
1458 2763 1500 2809 est
1514 2752 1681 2824 spiritualem
1695 2752 1757 2825 legit

125 2848 273 2916 ruriciiipue
285 2849 375 2900 auriae
389 2849 454 2900 ruis.
464 2847 579 2900 laetatos
590 2846 623 2900 dc
633 2844 684 2899 ilde
695 2843 791 2900 Cirristi
804 2844 918 2915 popolus
968 2846 1014 2899 dat
1027 2843 1243 2914 intelligentiam,
1259 2844 1392 2898 credendo
1405 2855 1432 2899 et
1447 2858 1521 2899 recte
1537 2845 1653 2900 virendo
1667 2858 1755 2915 aggre-

126 2942 291 3010 gentiuin,et
304 2940 337 2993 de
347 2939 485 2995 vocatione
498 2938 653 3008 gentilitatis
661 2937 693 2992 ad
708 2937 802 3002 Dauni,
814 2947 915 2991 tanturn
967 2945 1072 3005 geritur.
1097 2934 1152 2989 Nec
1172 2934 1263 2988 abnuit
1288 2933 1424 2996 Dourinus.
1449 2934 1497 2989 sed
1526 2935 1599 2990 liene
1612 2934 1753 3006 aagendam

126 3031 282 3101 prolicielrat
295 3032 321 3086 in
337 3032 460 3097 Domino,
485 3041 514 3086 ut
527 3034 608 3088 etiarn
620 3031 721 3100 deeius
736 3044 848 3086 rrourero
863 3032 915 3085 do·
930 3064 955 3128 c
971 3036 1031 3082 rota
1045 3027 1203 3097 suscipiens,
1218 3041 1302 3080 noros
1315 3027 1434 3095 qoutidie
1446 3027 1560 3096 populos·
1572 3043 1599 3081 rn
1617 3026 1753 3082 Ecclesiam

126 3137 214 3181 ctorer
238 3125 344 3193 iterent,
373 3125 508 3195 iideiiique
531 3126 699 3195 postnrodoui
729 3134 756 3180 ct
782 3134 914 3195 niartpres
970 3124 1049 3193 cogit.
1076 3123 1221 3186 Potest‚ut
1244 3136 1324 3191 sopra
1349 3122 1455 3187 dicitnr,
1471 3121 1562 3177 deliis
1584 3122 1755 3192 spiritualiter

126 3217 287 3271 exstiterint.
299 3214 350 3283 Qui
363 3230 453 3270 vacca
467 3217 556 3284 utique
567 3224 639 3280 sont,
652 3215 712 3285 quia
722 3215 814 3285 ingoni
824 3215 914 3270 Eran-
967 3214 1079 3284 intelligi
1103 3214 1268 3278 nationibus,
1291 3229 1351 3283 que
1378 3214 1494 3268 litterani
1525 3213 1594 3284 legis
1617 3228 1666 3281 per
1689 3209 1753 3267 titt

124 3310 186 3378 gelii
204 3310 260 3363 leve
275 3318 392 3377 gesture
402 3307 463 3377 auia
477 3321 652 3375 coequanda,
667 3308 709 3377 qui
723 3315 752 3361 ut
763 3305 795 3360 ad
807 3318 914 3375 portari·

125 3400 189 3451 duni
203 3397 273 3451 idern
288 3398 379 3465 jnguin
396 3396 544 3466 proficiant,
566 3397 736 3464 predicando
751 3397 865 3469 gignunt
889 3409 916 3452 et

66 3470 73 3483 ’
126 3490 256 3543 inrtriont.
273 3489 502 3556 santonicos,
519 3490 579 3557 noia
593 3497 684 3556 patres
708 3500 735 3543 et
747 3491 828 3545 duces
852 3498 915 3545 sunt

127 3579 297 3648 populorum,
309 3579 343 3633 de
355 3579 453 3648 quibus
466 3579 562 3633 dicitur
577 3597 584 3632 :
599 3578 696 3647 illicite
710 3578 820 3634 Domino
846 3581 914 3650 filios

125 3673 234 3727 arietaria
260 3670 345 3744 (Psoi.
361 3671 466 3740 siuti).
495 3670 564 3727 Sunt
586 3681 674 3726 irritem
687 3672 798 3741 pingues
813 3688 913 3739 vaccae,

126 3765 184 3828 cirria
194 3778 307 3832 superna
315 3761 499 3818 delectationis
508 3764 592 3833 gratia
603 3774 665 3817 sont
678 3764 767 3819 reiecti
777 3764 911 3819 doctores.

127 3857 227 3925 Deoua
241 3856 378 3910 i‘salurista
398 3865 521 3923 precatur
537 3873 543 3909 :
563 3855 636 3911 Sicut
650 3857 726 3924 adipe
750 3858 914 3928 piriquedinis

126 3947 255 4014 repleatur
267 3947 353 3999 ariiiiia
378 3962 434 3999 mea
463 3944 638 4017 (earini).
663 3947 730 4001 Sunt
743 3947 803 4002 duae
827 3963 915 4003 raccae

126 4039 234 4103 occisa,
248 4037 308 4107 qaia
321 4037 473 4107 quicunque
487 4053 534 4107 pro
548 4038 666 4103 Christo,
689 4041 728 4096 rei
744 4039 792 4108 ipa
817 4057 914 4110 corpus

127 4144 203 4182 suurn
218 4136 313 4196 sponte
329 4130 501 4191 ntortilicant,
529 4140 557 4183 ut
568 4128 653 4184 liostia
670 4132 725 4184 rira
742 4131 815 4195 liant,
831 4136 871 4186 rel
887 4134 913 4188 in

126 4230 221 4271 insnos
233 4215 379 4270 infidelium
391 4218 499 4271 tradunt
510 4216 699 4272 occidendum:
710 4221 775 4275 tales
789 4223 914 4278 niniirorn

127 4324 175 4376 per
193 4322 266 4362 arina
280 4307 400 4377 iustitie,
418 4308 543 4363 adextris
566 4320 594 4362 ut
614 4310 741 4375 sinistris,
770 4313 861 4379 idest,
887 4316 912 4368 in

968 3306 1143 3361 translatores
1168 3312 1328 3374 aeci-pernas
1342 3322 1348 3360 :
1364 3315 1391 3358 et
1404 3306 1464 3358 ideo
1492 3304 1573 3358 citius
1600 3306 1680 3358 iidcrn
1702 3318 1752 3359 stis·

967 3400 1058 3469 cipere
1082 3399 1215 3466 raicliairt,
1246 3409 1337 3468 utpote
1360 3412 1439 3467 ouant
1453 3399 1480 3452 in
1494 3398 1572 3453 libris
1598 3416 1622 3453 a·
1635 3402 1669 3454 tis
1688 3407 1752 3452 tene·

968 3490 1041 3546 bant.

1003 3583 1139 3637 dirimens
1162 3598 1223 3654 erpo
1237 3580 1353 3651 Rapitur!
1365 3590 1477 3651 quatuor
1490 3596 1521 3635 ex
1533 3594 1614 3635 oerrtr
1629 3580 1749 3652 nand.

967 3685 991 3730 et
1004 3677 1068 3729 duos
1083 3676 1205 3741 curiacius,
1220 3675 1246 3727 iri
1264 3673 1347 3744 llaaes
1366 3671 1502 3728 Hedoriirit
1516 3674 1683 3745 amesitset
1694 3670 1749 3725 indi·

967 3785 1028 3823 curre
1043 3771 1067 3823 ei
1080 3777 1169 3821 reuda
1184 3770 1216 3821 de
1239 3765 1335 3832 Tabia,
1359 3768 1452 3837 recepit
1476 3769 1633 3834 pecualem,
1654 3780 1747 3837 auger

966 3874 1051 3913 securri
1062 3859 1096 3912 ad
1107 3858 1209 3927 nuptias
1220 3858 1279 3927 [ecit
1297 3858 1391 3911 ierrire.
1414 3856 1489 3910 Serri
1504 3854 1609 3927 lleguel
1624 3866 1652 3911 et
1665 3853 1744 3911 ermeli

968 3949 1154 4018 praedicatores
1178 3960 1238 4001 eunt
1252 3947 1286 4002 de
1299 3947 1423 4016 gentilitas
1443 3948 1538 4012 electi,
1555 3963 1605 4016 per
1628 3961 1694 4017 noos
1706 3948 1745 4000 lir-

968 4040 1054 4095 tirinus
1065 4051 1092 4095 et
1105 4041 1174 4095 alios
1187 4041 1297 4108 colligit.
1321 4038 1410 4107 Serri,
1424 4041 1486 4109 quia
1508 4040 1632 4095 ueniunt
1646 4041 1743 4095 necati·

967 4135 1014 4189 tati
1040 4148 1134 4188 eorour
1161 4131 1258 4200 ouibus
1285 4129 1479 4200 erarrgeliiant.
1508 4128 1630 4197 Corneli,
1659 4132 1742 4200 quau

967 4242 1049 4281 onera
1075 4224 1239 4280 inllrrnitatis
1253 4238 1346 4278 cornia
1365 4223 1492 4279 lraoernae
1514 4223 1681 4294 subjectioue
1693 4226 1741 4279 eii·

968 4317 1053 4370 ritatre
1065 4323 1182 4385 portarit.
1194 4313 1282 4380 Quare
1295 4324 1383 4368 autern
1404 4324 1522 4382 quatuor·
1534 4314 1611 4369 serri
1625 4326 1652 4370 et
1666 4310 1740 4370 uadi

127 4400 296 4468 prirsperiset
306 4399 436 4465 aduersis,
448 4410 540 4455 contra
550 4400 656 4456 lrostorn
669 4411 740 4456 stare
751 4404 911 4461 didicerunt.
927 4408 1018 4475 Dsiut
1033 4405 1098 4470 duo,
1119 4417 1200 4473 supra
1215 4412 1390 4459 morrstrataro
1405 4413 1458 4470 est,
1473 4405 1519 4459 olii
1535 4419 1629 4460 rauca
1646 4406 1708 4468 dut,
1718 4413 1739 4456 rt

126 4492 197 4545 Sunt
210 4503 324 4560 arratnor
338 4490 435 4546 arietes
454 4491 545 4557 occisi,
562 4492 625 4561 quia
646 4494 730 4548 naricti
752 4495 876 4552 doctores
891 4509 918 4553 et

129 4589 260 4650 inartyres
286 4589 402 4652 qitatoor
430 4581 513 4637 libros
538 4584 622 4637 sancti
650 4578 785 4654 Evangelii
812 4587 863 4641 ilde
890 4597 918 4643 et

128 4675 282 4743 operatione
304 4685 475 4740 corruerunt,
501 4675 561 4743 atria
576 4687 689 4744 quatuor
714 4679 920 4748 rirtntilrospri·

128 4766 190 4831 oris,
217 4765 366 4835 prriilcntii‚
397 4762 561 4833 fortitudine,
592 4772 779 4836 temperantia,
803 4772 917 4842 justitia,

129 4854 284 4909 rniininritur
296 4871 305 4921 ;
316 4857 378 4922 ipris
394 4870 441 4925 per
453 4856 546 4911 orbani
563 4857 727 4924 uniuersum,
743 4861 787 4928 qui
803 4870 916 4931 qtratnor

129 4948 211 5016 plagis
226 4947 407 5018 distinguitur,
424 4963 531 5018 gregern
557 4949 654 5006 Christi
668 4953 817 5008 instituunt.
843 4954 919 5010 Fecit

130 5039 229 5107 ltaguel
243 5053 337 5093 raeces
351 5049 378 5093 et
392 5041 489 5094 arietes
516 5041 612 5109 occidi,
628 5044 688 5112 qiria
715 5046 826 5113 papirius
854 5062 918 5113 gen·

129 5131 195 5181 tinnr
211 5128 263 5183 tale
277 5144 324 5185 eos
338 5129 382 5198 qul
397 5130 432 5184 de
444 5144 491 5183 sua
515 5133 598 5200 stirpe
621 5133 654 5186 ad
675 5132 754 5188 lldern
778 5148 917 5204 renerent,

128 5234 190 5275 esse
204 5221 304 5286 donarit,
319 5234 386 5291 quos
399 5223 600 5288 irrascininaotia
616 5223 720 5279 virtutis
750 5227 834 5282 liostis
858 5238 918 5283 terr·

130 5321 345 5381 tsresppeteret,
361 5326 411 5364 nec
434 5322 547 5367 tentator
573 5316 704 5381 dirueret,
729 5320 776 5372 sed
804 5321 920 5377 victores

131 5416 218 5474 posset
233 5403 320 5459 iacere
336 5416 476 5476 uartyres.
496 5406 542 5461 t'et
556 5416 629 5462 certe
645 5408 700 5476 ipse
728 5411 790 5466 lecit
821 5415 918 5484 occidi,

129 5508 196 5560 arras
210 5509 318 5549 caruero
339 5509 413 5549 soarn
429 5512 476 5564 pro
491 5497 598 5552 ctirisia
612 5512 672 5554 cour
687 5502 797 5557 uitiiset
822 5520 918 5561 conco·

131 5584 265 5646 piscentiis
279 5585 435 5657 crucifigere
447 5588 548 5644 docuit.
562 5590 681 5655 Ouarurn
696 5595 829 5651 accisione
840 5612 919 5667 pars-

131 5672 167 5722 rit
182 5673 275 5740 epulas
287 5680 410 5731 ornrr'iros¹
434 5679 529 5733 ricinis
540 5679 607 5749 soie,
618 5683 678 5750 arria
692 5683 836 5756 proiectos,
853 5688 917 5758 rite,

970 4507 1083 4565 ipurrtuor
1095 4494 1255 4548 occiduntur
1264 4494 1373 4549 arietes.
1387 4493 1468 4549 Tales
1478 4494 1629 4564 adiurante
1643 4492 1740 4567 dipisel
1795 4520 1797 4573 5

969 4585 1119 4656 producunt
1130 4584 1258 4640 Galreluin
1272 4585 1306 4639 ad
1326 4585 1431 4654 nuptiis
1446 4581 1553 4654 iuuit,
1577 4602 1642 4643 euro
1657 4594 1682 4643 tn
1693 4586 1742 4641 usi·
1795 4586 1797 4591 '

969 4687 1049 4732 tatem
1064 4678 1189 4732 Ecclesiae
1202 4677 1299 4732 Cliristi
1313 4692 1398 4733 noros
1411 4682 1546 4748 popinas,
1561 4680 1624 4751 ipso
1637 4680 1742 4738 divinitat

968 4767 1127 4837 opitulante,
1139 4769 1223 4821 saneti
1239 4769 1428 4836 predicatores
1443 4781 1605 4840 aggregant.

1004 4860 1083 4928 (ioli.
1097 4865 1137 4929 x.)
1166 4858 1253 4913 lloras
1273 4861 1381 4930 faciente
1407 4858 1489 4915 Toliia
1509 4866 1662 4933 nepotianus
1673 4876 1743 4923 ssu.

969 4954 1113 5007 contristati
1133 4962 1191 5007 sunt
1206 4959 1401 5024 pontonagiis,
1424 4956 1495 5024 quod
1507 4972 1561 5012 aori
1573 4961 1618 5014 die
1631 4956 1745 5014 cambit
1795 4954 1797 4965 '

969 5055 1134 5097 reverteretur
1156 5046 1191 5097 ad
1217 5060 1268 5098 eoi.
1297 5047 1330 5099 ut
1353 5062 1424 5101 nunc
1447 5060 1575 5106 taoreute
1598 5053 1746 5120 tsstrririoprr

971 5135 1050 5190 liderrr
1067 5152 1093 5188 iii
1111 5135 1225 5190 licclesia
1237 5137 1440 5206 congreganda
1454 5141 1597 5209 gentious,
1613 5145 1745 5213 uaieurgsr

970 5225 1126 5292 singillatim
1142 5225 1288 5279 deluderis
1309 5230 1341 5280 sd
1358 5229 1436 5282 lideiu
1462 5230 1537 5286 illius
1561 5244 1745 5295 correctam,

970 5316 1082 5369 inultoni
1099 5316 1191 5370 dolent
1217 5318 1325 5382 atrinro;
1340 5319 1400 5385 auia
1415 5321 1506 5374 tardet
1521 5322 1655 5381 bonilatis
1671 5324 1747 5379 resin

970 5407 1233 5474 nuntiationem,
1249 5418 1323 5463 reteo
1333 5417 1375 5463 tus
1391 5410 1417 5464 in
1431 5413 1573 5480 gentibus.
1585 5417 1686 5485 Qurbrts
1695 5416 1749 5470 bers

969 5497 1100 5569 congruit,
1128 5499 1198 5568 qood
1224 5510 1310 5555 mater
1335 5498 1394 5570 elus
1422 5517 1543 5575 perrper,
1570 5519 1599 5564 et
1613 5508 1687 5581 qussi
1702 5509 1749 5560 rire

970 5589 1050 5644 siraol
1064 5603 1096 5644 ac
1112 5589 1165 5644 lilio
1175 5589 1279 5655 orbata.
1292 5591 1375 5646 orulto
1388 5606 1451 5648 curn
1462 5596 1560 5654 dolore
1573 5600 1694 5656 dicebat:

1006 5687 1065 5742 lieri
1078 5728 1084 5754 ‚
1097 5687 1163 5753 liar,
1188 5685 1228 5758 pili
1243 5688 1294 5755 riri,
1308 5698 1336 5742 iit
1348 5690 1411 5759 arria
1422 5698 1447 5746 te
1458 5692 1581 5750 irrlairrres
1591 5690 1740 5768 pueritiae
