3794 6120
125 228 174 317 ιιι
537 263 579 318 un
599 263 849 320 tnunnaaomu
870 264 915 318 ut·
935 263 1030 324 tasts
1050 268 1141 326 etus.
1161 301 1195 313 -·
1215 271 1278 327 tm.
1300 272 1342 327 ttt.
1396 297 1399 301 -
1694 273 1747 330 tat

125 387 239 444 utraque
263 374 379 444 proprie,
403 374 593 430 continentiam
616 385 716 440 tactus,
739 388 766 432 et
785 377 912 445 justitiam
928 380 950 433 lt
966 378 1032 446 ptus
1046 394 1158 434 coronas
1172 396 1231 438 esse
1248 396 1344 436 aureas
1357 381 1521 451 ‹tt-signaret,
1538 383 1580 452 qui
1599 392 1686 440 stante
1701 387 1747 439 ad·

125 464 258 536 designat.
271 463 472 534 Consequentur
486 479 549 519 tero
563 473 590 519 et
604 466 717 521 aliurum
732 477 844 536 quatuor
856 480 915 521 sett-
965 471 1017 526 boc
1031 472 1141 540 templu,
1155 483 1182 527 ct
1198 473 1273 542 legali
1288 473 1455 527 observantia
1470 474 1615 540 celebrata,
1630 491 1690 531 curu
1705 492 1748 531 es·

125 569 222 621 mutu,
243 556 371 625 quamsit
385 555 426 610 tel
442 556 559 610 curattda
574 556 741 623 innocentia,
758 556 799 612 tel
816 558 915 612 saneti·
964 569 1004 615 set
1024 560 1057 615 de
1079 564 1176 630 genere
1195 561 1369 626 sacerdotali,
1391 560 1514 616 laciitirne
1534 566 1619 631 potuit
1641 566 1749 620 modurn

126 644 217 702 tuno
231 646 425 716 conquirenda,
445 646 558 714 liqrnatu
580 648 709 715 pontificis
730 648 822 704 babitu
841 664 916 703 muu-
964 664 1072 705 ontuem
1086 652 1259 706 sacerdotalis
1278 652 1435 719 indumenti,
1455 668 1507 707 noa
1523 661 1609 708 tamm
1625 654 1749 723 legendo,

125 748 237 804 stratur,
253 751 313 792 curn
327 737 445 792 dicitur:
964 741 1053 796 sedet
1068 741 1181 796 ridendo
1195 757 1366 812 cognoscere.
1386 742 1484 798 veruna
1505 744 1561 799 sive
1576 745 1689 815 byssina
1703 761 1750 800 sen

161 829 196 884 Ει
215 830 308 886 tiaram
327 828 454 899 byssinum
474 833 562 898 ιιιιει.
581 827 659 883 ‘iiara
674 843 801 896 nauaque,
816 843 875 898 quaa
889 836 917 882 et
966 831 1063 887 luerint
1076 848 1162 888 itureae
1177 834 1330 898 corniculae,
1345 849 1405 888 cum
1419 843 1524 888 cunstat
1536 849 1582 889 eas
1595 838 1675 889 tactas
1689 850 1749 891 esse

126 922 239 984 cidaris,
253 930 281 976 et
295 920 373 974 mitra
389 922 544 985 uocabatur,
559 931 637 988 caput
651 921 755 990 tegebat
767 931 795 975 et
806 921 916 974 ornabat
966 936 1025 976 curn
1042 923 1138 989 mitris,
1153 921 1272 976 dicantus
1287 922 1402 977 breviter
1416 922 1450 977 de
1471 923 1563 992 ligura.
1585 923 1675 978 llitras
1689 940 1748 978 eum

128 1013 281 1084 pautistcis3
302 1021 332 1066 ut
352 1012 403 1065 boc
427 1012 582 1066 indumento
605 1012 803 1078 admoneretur,
824 1026 917 1066 ornnes
966 1012 1098 1066 coronulis
1113 1012 1210 1065 babent
1224 1013 1376 1068 sacerdotes
1391 1028 1422 1067 ex
1440 1014 1526 1083 bysso,
1542 1014 1585 1082 qui
1600 1015 1639 1070 sic
1652 1016 1750 1074 risun.

128 1105 223 1176 capitis
238 1117 335 1159 sensus
350 1103 405 1157 Deo
425 1111 596 1156 consecratos
611 1102 727 1168 trabere,
744 1117 777 1157 ne
792 1103 831 1156 rel
847 1101 917 1156 oculi
966 1105 1096 1165 aatttinnn,
1112 1115 1233 1172 gramm,
1249 1103 1391 1168 ollacturn,
1406 1113 1431 1159 et
1452 1116 1550 1158 tactum
1568 1120 1644 1158 suum
1664 1107 1690 1158 in
1708 1121 1751 1160 re-

128 1198 186 1268 ejus
200 1195 323 1251 riderent
333 1195 487 1256 uanitatem,
502 1195 544 1248 rel
556 1209 635 1248 autes
649 1195 775 1249 libentius
786 1194 918 1249 audiendo
967 1203 1072 1248 rntstate
1087 1194 1250 1247 castimonia·
1264 1194 1429 1258 cristallinam,
1450 1205 1477 1249 ιιι
1493 1212 1540 1262 pru
1553 1193 1646 1248 eadem
1662 1205 1753 1248 eustat-

129 1286 303 1358 opprobrium
315 1287 468 1353 acciperent
479 1285 607 1338 adversus
619 1284 766 1354 prnsitnurn
778 1289 917 1349 sanante!
967 1283 1010 1339 dta
1023 1299 1052 1339 se
1067 1298 1193 1338 coronam
1208 1284 1281 1349 titae,
1296 1300 1375 1353 quam
1391 1285 1543 1353 reprotrrisit
1558 1284 1626 1339 Deus
1641 1285 1753 1354 diligen·

128 1392 160 1434 os
172 1376 324 1432 abundaret
344 1373 453 1440 malitia,
470 1384 496 1429 ει
517 1375 604 1444 linqua
625 1375 798 1430 concinnaret
812 1374 917 1441 dubiam
969 1374 1039 1430 tibus
1053 1389 1091 1437 se,
1112 1375 1233 1442 accipere
1248 1383 1367 1444 spepent.
1382 1374 1448 1428 Nam
1468 1376 1511 1445 qni
1531 1376 1569 1427 sic
1584 1376 1754 1429 continentiae

128 1466 185 1522 site
198 1465 282 1521 etiam
296 1479 344 1519 cor
367 1464 473 1531 crapula
495 1475 523 1519 et
543 1466 673 1519 ebrictate
692 1474 856 1533 precaretur,
877 1465 918 1519 tel
970 1465 1012 1520 rcl
1027 1465 1103 1519 banus
1118 1463 1241 1534 operibns
1253 1464 1358 1528 studet,
1372 1472 1402 1518 ιιι
1417 1480 1464 1532 pru
1478 1467 1518 1518 bis
1532 1473 1633 1519 aeterna
1648 1465 1754 1532 prutina

128 1556 242 1612 ollactus
256 1571 394 1627 aspersum
409 1570 514 1625 myrra,
533 1567 558 1610 et
573 1556 647 1618 aloe,
662 1566 689 1609 et
703 1556 869 1610 cinnamomo
883 1555 919 1608 le·
968 1557 1151 1611 retributionis
1165 1572 1284 1627 quaerere
1304 1557 1432 1626 negligat,
1454 1558 1558 1610 mitram
1573 1556 1680 1626 quidem
1695 1556 1754 1626 bys·

131 1658 201 1703 ιιιιιιι
229 1646 379 1701 uteretritis
403 1645 617 1714 amplecteretur.
643 1646 710 1712 Quin
736 1647 824 1712 potius
849 1643 918 1699 oculi
968 1647 1053 1700 sinam
1074 1646 1174 1701 babere
1194 1644 1298 1700 uidetur
1317 1646 1343 1699 in
1363 1646 1460 1715 eapite,
1480 1645 1526 1700 sed
1546 1647 1686 1700 coronulas
1703 1661 1756 1699 nun

133 1737 192 1807 ejus
208 1736 329 1792 riderent
342 1739 509 1807 equitatem,
526 1751 603 1791 ames
617 1736 809 1792 inclinarentur
822 1736 854 1790 ad
868 1752 920 1789 att·
937 1713 957 1770 Β
972 1739 1065 1796 babet:
1081 1737 1141 1805 quia
1156 1735 1279 1790 videlicet
1292 1736 1433 1804 itnaqaaem
1449 1736 1551 1790 uirtutis
1565 1750 1653 1788 curam
1670 1736 1755 1788 inuui-

130 1826 226 1883 dicnda
243 1827 325 1882 rerba
342 1826 504 1894 prudentia,
523 1827 608 1881 titileia
624 1838 713 1882 essent
728 1827 848 1881 saucibus
862 1829 920 1895 ojus
972 1828 1048 1883 nibus
1068 1826 1188 1898 praelcrt,
1208 1827 1254 1882 sed
1275 1829 1426 1882 mercedem
1442 1829 1546 1880 virtutis
1565 1842 1624 1880 curn
1647 1827 1756 1881 barnuino

131 1917 234 1986 eloquia
252 1917 357 1971 tietuini
371 1931 451 1986 super
464 1917 515 1971 nael
530 1926 558 1971 ct
572 1918 678 1983 fartim,
695 1919 781 1973 donec
795 1934 919 1987 superes·
971 1935 1024 1974 nun
1039 1919 1148 1974 invertit.
1169 1917 1231 1973 Sive
1246 1933 1310 1986 crgo
1323 1918 1458 1972 coronula·
1473 1918 1571 1971 tuerlnt
1591 1933 1689 1984 anreae,
1703 1918 1753 1970 cta·

131 2017 169 2063 set
180 1996 285 2062 balitus
300 2009 325 2061 in
339 2021 382 2073 eo,
399 2022 451 2062 ιιοιι
465 2009 619 2077 loquetetur
632 2009 808 2078 iniquitatem,
824 2023 874 2062 acc
887 2008 920 2062 ab
971 2011 1075 2066 ritatem
1091 2017 1224 2079 perpetua
1243 2009 1308 2063 luci·
1328 2008 1493 2077 significatam
1514 2009 1572 2062 site
1586 2007 1683 2062 luerint
1698 2007 1755 2076 bys·

133 2099 283 2155 ittuocentia
308 2114 356 2153 sua
380 2098 527 2153 recederet.
552 2098 704 2154 Curandum
726 2109 752 2154 et
776 2099 809 2154 tle
829 2101 921 2169 quinto
971 2100 1047 2170 sinte,
1074 2103 1158 2172 ipsam
1182 2103 1265 2156 nostri
1287 2101 1407 2166 corporis
1431 2100 1673 2163 inmortalitatem,
1698 2114 1757 2166 qus

134 2196 220 2255 seusu,
236 2190 283 2257 qui
306 2192 353 2244 toti
374 2200 416 2243 cst
436 2191 539 2259 corpori
561 2192 720 2257 communis,
743 2202 771 2244 ut
792 2193 837 2245 liat
857 2192 920 2246 illud
973 2195 1096 2260 perennis
1119 2192 1206 2248 sutura
1228 2202 1280 2257 εει,
1306 2192 1417 2261 saginate
1440 2191 1606 2245 denuntiant.
1627 2189 1659 2243 Et
1686 2198 1757 2243 tecte

136 2281 315 2351 propheticum
331 2299 336 2333 :
355 2280 483 2346 Recedite,
497 2282 616 2344 recedite,
631 2281 697 2335 erite
710 2282 778 2349 inde,
795 2281 921 2349 pollutum
973 2286 1097 2340 sacerdos
1118 2299 1179 2338 cum
1202 2283 1278 2338 stolis
1300 2281 1415 2352 byssinis
1439 2293 1551 2334 coronas
1575 2278 1758 2348 superadditas

137 2373 209 2427 notite
227 2383 333 2442 tunqere
351 2370 428 2441 (Ean.
445 2370 504 2438 ιιι).
527 2370 559 2424 Ει
576 2372 645 2426 sicut
663 2371 790 2426 admonet
805 2377 921 2441 ttpostu·
973 2385 1067 2447 gestat,
1090 2385 1118 2428 nt
1136 2384 1163 2429 et
1182 2376 1208 2428 ia
1227 2375 1389 2430 continentia
1406 2373 1463 2440 ipsc
1482 2386 1530 2425 sua
1547 2370 1645 2440 jugiter
1659 2380 1758 2424 aeterua

136 2460 194 2517 lat:
209 2461 363 2516 llundemus
382 2478 428 2517 tros
447 2462 478 2515 ab
500 2463 570 2515 urrtni
589 2463 781 2532 inquinamento
795 2465 879 2518 cornis
898 2474 921 2518 et
973 2469 1081 2539 practttia
1101 2466 1255 2532 meditetur,
1269 2473 1297 2521 et
1316 2464 1342 2518 iu
1362 2447 1570 2518 sattctilicatione
1588 2460 1758 2515 curttiueutiaa

138 2553 252 2620 tiltilttt.
275 2553 433 2624 perficiem&
457 2553 686 2620 modificationem
708 2556 736 2609 in
761 2556 851 2608 timore
874 2554 923 2609 θεῖ
974 2561 1016 2616 tel
1036 2561 1112 2614 burte
1134 2557 1297 2627 operationis
1315 2556 1393 2611 siurui
1412 2556 1504 2609 eadem
1524 2552 1618 2623 gaudia
1637 2545 1759 2621 supernae

138 2640 175 2711 {ll
189 2642 249 2700 Cor.
270 2644 312 2714 ιι).
334 2645 454 2712 Qualiter
472 2654 561 2699 autem
582 2644 648 2698 tiara
669 2644 727 2700 bec
744 2646 823 2701 tuerit
841 2646 920 2714 lacta,
975 2649 1144 2706 beatitudinis
1159 2648 1327 2704 audientibus
1342 2646 1493 2716 promittat;
1509 2659 1543 2699 ne
1557 2644 1579 2698 si
1595 2644 1695 2713 absque
1713 2657 1760 2710 spe

139 2731 261 2803 iotcpltus
275 2736 354 2790 docet
375 2734 475 2804 (aiutiq.
493 2749 539 2800 ιιι,
553 2733 594 2804 i),
613 2735 727 2790 dicetis:
745 2735 832 2805 Super
844 2746 924 2806 caput
974 2740 1156 2796 retributionis
1171 2737 1275 2808 pondus
1290 2738 1409 2806 imponat
1424 2735 1541 2801 laboris,
1554 2734 1646 2803 jugum
1662 2730 1759 2786 Citristi

140 2834 218 2880 atatem
231 2833 320 2895 gestat
336 2825 435 2896 pile'utu
460 2826 487 2878 in
500 2825 617 2889 ,modum
641 2827 743 2895 paruuli
764 2828 858 2882 calami
878 2837 923 2882 aut
973 2844 1067 2895 suave,
1079 2839 1159 2898 atque
1170 2842 1237 2883 ottus
1251 2829 1309 2882 lere
1321 2840 1444 2895 asperum
1459 2828 1514 2878 suis
1525 2823 1688 2877 auditoribus
1698 2822 1759 2876 red·

139 2919 253 2983 cassidis,
268 2919 338 2988 quod
356 2918 513 2973 extenditur
527 2932 607 2987 supra
620 2920 801 2974 summitatem
815 2919 921 2987 capnitis,
973 2921 1030 2988 dat,
1043 2929 1071 2975 et
1083 2920 1188 2976 durum.
1203 2917 1270 2972 Cute
1285 2930 1349 2972 tero
1364 2913 1491 2970 botatiuus
1506 2915 1599 2969 tiaram
1612 2910 1759 2968 laciendum

139 3008 282 3064 sttuodicc
296 3010 404 3065 verticis
423 3008 594 3065 medietatem
613 3010 732 3075 excedit;
753 3019 779 3064 et
800 3009 851 3065 tale
870 3020 920 3076 est,
975 3015 1141 3084 praeciperet,
1157 3010 1277 3065 addidit:

139 3107 164 3152 tt
176 3096 300 3154 rideatur
311 3112 344 3153 ea
359 3098 406 3153 liui
422 3106 527 3153 textura
543 3100 714 3168 catalectum,
730 3100 830 3155 babens
843 3100 923 3154 uittas
1011 3102 1044 3157 Et
1059 3104 1168 3156 balteum
1181 3116 1255 3170 opere
1267 3099 1398 3169 plantarii.
1414 3096 1452 3151 be
1465 3095 1541 3164 cujus
1556 3093 1677 3148 tidelicet
1693 3089 1760 3145 lacta

140 3202 194 3260 qttae
208 3190 357 3245 convolute
368 3190 467 3260 saepius
479 3200 683 3255 connectuntur,
700 3206 750 3246 uec
767 3191 843 3245 laciie
857 3192 924 3246 dila·
975 3197 1056 3253 baltei
1072 3192 1235 3249 tnatrilestius
1248 3192 1274 3245 in
1291 3190 1483 3259 posterioribus
1496 3186 1624 3254 scriptum
1635 3194 1686 3238 est.
1699 3183 1761 3237 Cin-

141 3281 224 3338 batur.
243 3284 293 3352 Qui
309 3283 431 3340 videlicet
451 3283 583 3354 losepbus
606 3284 667 3340 ltuic
689 3286 758 3355 pileo
772 3286 926 3354 superaddi·
973 3291 1064 3357 quium
1087 3299 1150 3341 tero
1174 3283 1293 3338 lecerunt
1316 3280 1350 3334 de
1372 3278 1453 3349 bysso
1473 3284 1582 3338 retorta,
1606 3271 1761 3342 layacintiru,

141 3385 192 3430 tum
210 3390 273 3432 esse
289 3385 381 3432 narrat
399 3376 470 3431 aliud
493 3377 581 3446 majus
599 3378 736 3445 uelamen,
753 3378 822 3447 qttud
843 3390 923 3432 tutam
976 3392 1102 3448 purpura,
1123 3390 1155 3428 ae
1175 3370 1321 3428 vertniculu
1340 3369 1381 3423 bis
1401 3368 1496 3432 inacta,
1518 3379 1599 3432 opere
1620 3360 1761 3432 plantario.

138 3468 226 3537 capitis
239 3468 411 3537 superliciem
426 3467 549 3522 celaret:
565 3478 684 3538 aptatam
698 3466 824 3538 perlecto,
840 3485 873 3524 nc
889 3469 924 3523 la·
976 3472 1032 3527 liuc
1046 3467 1192 3538 clamitant,
1209 3475 1236 3518 nt
1252 3464 1428 3532 llieronymus
1441 3474 1473 3513 ει
1488 3455 1605 3523 iosepbu
1619 3452 1762 3515 scribit,in

140 3560 245 3618 iurante
264 3561 408 3617 sacerdote
421 3561 492 3615 circa
511 3561 642 3616 sacrttcta
657 3572 782 3627 corruat,
802 3563 872 3631 quud
888 3572 926 3615 ta·
974 3560 1174 3620 similitudinem
1189 3556 1264 3626 pellis
1274 3551 1388 3618 cultrici,
1401 3565 1479 3620 quam
1489 3548 1562 3603 enuit
1572 3546 1598 3600 in
1613 3553 1763 3610 senectute,

140 3667 194 3709 ιεε
206 3653 286 3723 eujus
299 3663 372 3709 esset
387 3654 483 3709 coloris
498 3668 550 3708 nort
564 3653 691 3707 ostendit.
702 3651 736 3706 Et
750 3653 806 3706 lraec
817 3653 924 3721 quidem
974 3657 1013 3712 sic
1036 3654 1063 3709 in
1086 3650 1201 3708 rotunda
1226 3656 1326 3703 textum
1347 3655 1398 3708 est,
1421 3651 1450 3697 ut
1469 3638 1633 3708 marsupium
1658 3637 1762 3707 iuligine

140 3744 168 3801 la
179 3745 291 3801 minoris
305 3746 454 3802 sacerdotis
468 3746 550 3817 pileo.
574 3744 612 3799 De
627 3744 759 3813 pontificis
780 3759 843 3798 tero
859 3746 926 3798 tlara
976 3759 1063 3820 putes.
1079 3745 1192 3799 ‘textum
1212 3748 1300 3794 autent
1321 3740 1370 3792 suit
1388 3733 1504 3804 tegmine
1517 3730 1606 3795 cocci,
1627 3743 1762 3797 purpure,

141 3838 185 3892 boc
202 3836 285 3891 ruodo
304 3845 419 3892 testatur
440 3854 447 3890 :
471 3837 573 3892 Pileum
593 3846 683 3890 autem
703 3834 784 3904 priori
803 3835 926 3891 similiter
975 3835 1123 3910 hyacinthi,
1138 3844 1166 3890 et
1178 3832 1292 3888 stamine
1305 3828 1423 3898 byssino,
1435 3826 1469 3880 ob
1480 3825 1603 3878 decorem
1620 3832 1647 3876 et
1660 3821 1764 3873 tortitu-

141 3940 272 3998 tperatum
287 3929 367 3985 babet
382 3929 511 3998 pactiles,
527 3931 595 3984 sicut
612 3928 706 3998 reliqui
719 3929 883 3994 sacerdotes,
899 3939 926 3982 et
975 3931 1076 3993 dirrcm,
1093 3936 1173 3995 atque
1188 3925 1221 3977 ita
1239 3921 1363 3992 polyrnita
1379 3928 1436 3971 arte
1447 3915 1618 3975 distinctum,
1633 3921 1660 3966 ut
1674 3911 1763 3964 diter-

142 4020 214 4075 tlitttu
228 4031 371 4076 consutum
385 4036 418 4075 et
431 4020 576 4091 hyacinteo
590 4021 731 4074 variatum.
742 4018 926 4074 ctreurndann
976 4035 1021 4077 sos
1036 4019 1116 4072 tores
1135 4025 1162 4069 ει
1175 4026 1293 4082 gemmas
1309 4024 1361 4063 nun
1381 4006 1490 4061 attilicis
1511 4019 1590 4058 ttranu
1612 4011 1763 4066 eorttettas,

143 4123 223 4169 astera
237 4113 263 4169 ei
275 4124 304 4169 et
317 4128 399 4168 aurea
413 4127 522 4179 corona,
539 4112 623 4167 tribus
639 4111 739 4167 vicibus
751 4112 830 4177 lacta,
845 4127 924 4180 supra
975 4111 1023 4167 sed
1038 4109 1141 4163 additas
1155 4105 1304 4162 arbitreris.
1326 4101 1497 4167 ilabebatque
1516 4095 1681 4150 latitudinem
1696 4109 1761 4162 qua·

144 4220 214 4272 qaam
229 4204 316 4277 surgit
331 4205 358 4261 ia
373 4205 460 4260 media
475 4205 572 4268 irunte,
588 4205 663 4274 quasi
675 4203 804 4259 caliculus
818 4202 925 4272 quidam
977 4185 1212 4270 tuur‘diqitorunr,
1227 4208 1281 4264 quo
1295 4194 1405 4261 cingulo.
1415 4190 1521 4258 proprie
1539 4188 1655 4257 pontifex
1671 4186 1764 4240 uteba·

144 4307 243 4361 aeirem,
257 4294 355 4349 similis
370 4293 471 4359 itcrbae,
492 4309 550 4364 quie
566 4296 635 4362 apud
651 4308 700 4348 nos
714 4293 814 4348 acbaro
827 4309 926 4348 tturtcu·
977 4305 1030 4360 tur,
1043 4300 1070 4347 et
1081 4306 1114 4346 eo
1126 4290 1214 4344 tunica
1228 4283 1408 4356 byaeintlrina,
1420 4281 1498 4335 siruui
1509 4290 1534 4334 ει
1545 4277 1764 4348 superhumerale

145 4395 223 4451 patur,
246 4399 327 4454 quatu
349 4383 436 4439 Graeci
457 4384 642 4454 llqosryamun
662 4382 764 4439 dicunt.
789 4386 823 4438 lt't
847 4386 926 4455 paulo
940 4385 1167 4458 pstrinqebatnr.
1184 4379 1248 4434 ttan
1271 4377 1297 4430 in
1311 4374 1484 4445 sequentibus
1500 4383 1592 4439 aperte
1603 4369 1638 4424 de
1651 4370 1764 4436 cottjnn·

145 4483 197 4541 past
207 4474 343 4543 descripta
357 4472 473 4528 mirabili
488 4474 616 4528 uarietate
633 4475 790 4537 subintulit,
805 4475 898 4532 diceus
915 4492 923 4529 z

144 4562 221 4621 iiaiet
234 4580 324 4623 sumtu
336 4564 417 4623 bures
430 4567 533 4624 similes
547 4568 707 4638 plantagini,
723 4579 750 4623 et
764 4583 811 4638 pcr
824 4569 924 4624 circui·

145 4664 193 4712 tam
211 4667 266 4712 tota
280 4673 379 4714 corona
398 4657 440 4714 bis
453 4660 563 4716 duribus
578 4669 620 4716 est
632 4662 740 4731 caelata,
755 4662 788 4717 ab
800 4641 925 4732 occipiti'o

144 4762 221 4819 utque
235 4749 269 4803 ad
283 4760 426 4820 utrumque
441 4761 565 4820 tempus,
581 4752 607 4806 in
621 4751 708 4806 laurate
722 4766 788 4808 voro
803 4751 854 4807 boe
870 4752 926 4823 qui.

143 4839 198 4897 lan
211 4858 265 4898 auu
281 4842 373 4909 babet,
385 4842 433 4899 sod
447 4843 544 4898 laariua
558 4854 599 4900 est
613 4858 705 4907 aurea,
719 4860 778 4913 qnu
792 4845 875 4899 sacris
887 4845 927 4899 lit

142 4933 202 4988 teth
216 4931 265 4988 bet
284 4947 384 4987 nomeu
400 4933 479 4988 babet
496 4934 662 5003 inscriptum.
684 4933 747 4988 llaec
765 4934 871 5002 quidem
891 4935 925 4990 de

141 5022 255 5079 tsutudu
268 5022 402 5078 selemiae
415 5034 442 5078 et
455 5025 563 5080 aaronis
577 5025 731 5094 pontillcum
750 5026 840 5080 aureis
854 5024 925 5080 Scri·

141 5124 212 5187 ptura
232 5125 327 5171 sancta
348 5126 437 5171 tacsre
451 5116 564 5171 videtur.
580 5117 745 5172 Coronarum
761 5133 826 5173 vero
839 5118 926 5174 breti·

140 5214 179 5265 ter
195 5207 262 5264 lecit
281 5209 308 5263 io
328 5208 500 5278 sequentibus
519 5210 698 5274 mentionem,
717 5209 808 5266 diceus
824 5227 830 5263 :
846 5208 926 5265 Fece·

136 5309 198 5356 rut
209 5310 234 5355 et
248 5301 351 5355 testeae
369 5316 445 5370 opere
462 5299 544 5355 textili
562 5301 650 5355 ,duran
662 5310 686 5355 et
701 5302 749 5371 filii
762 5305 828 5375 ejus,
842 5312 866 5356 et
878 5303 927 5356 ati-

136 5392 474 5449 “rememorabatur
492 5407 524 5446 ee
542 5389 617 5463 iprae
635 5390 731 5461 (exoa.
746 5392 851 5463 nats).
874 5392 925 5448 Sed

134 5482 172 5543 tls
189 5500 242 5557 qua
256 5483 371 5540 materia
392 5482 467 5537 iactu
485 5493 590 5550 asserat,
611 5496 664 5537 nou
678 5482 755 5537 dialt.
775 5480 841 5537 Cum
854 5483 926 5539 enirn

134 5578 219 5647 dieat,
230 5576 264 5633 Et
274 5578 372 5633 mitras
381 5591 441 5632 curn
451 5575 586 5634 coronulis
598 5576 654 5632 suis
667 5590 699 5632 et
713 5577 810 5647 byso,
826 5585 927 5644 poterat

131 5672 246 5746 intelligi
262 5681 392 5744 utrasque
404 5686 438 5729 es
451 5671 531 5743 bysso
544 5669 628 5728 lacus
641 5683 719 5739 esse,
740 5669 763 5726 si
783 5683 837 5726 aon
851 5668 927 5728 lase-
949 5745 953 5751 .

979 4479 1069 4534 ctione
1083 4470 1308 4544 superhumeralis
1322 4478 1349 4521 et
1362 4463 1498 4521 rationalis
1512 4463 1664 4517 dictumest
1679 4478 1686 4514 ι
1704 4460 1766 4514 linc

979 4581 1008 4627 ει
1020 4579 1082 4624 ante
1092 4575 1119 4622 et
1132 4575 1204 4620 retro
1218 4561 1254 4616 ita
1264 4557 1460 4614 crruteniebant
1472 4555 1533 4620 sibi,
1545 4561 1575 4607 ut
1588 4550 1764 4620 supernume-

980 4661 1034 4717 tale
1048 4669 1075 4715 et
1096 4655 1224 4712 rationale
1244 4661 1336 4706 mutuo
1355 4653 1535 4709 necterentur,
1552 4643 1644 4696 stricta
1656 4641 1690 4695 ad
1710 4639 1766 4694 bal·

981 4761 1051 4806 teum
1063 4757 1090 4802 ει
1100 4743 1205 4799 astantis
1218 4739 1312 4796 lortius
1323 4739 1461 4807 copulata;
1478 4749 1545 4804 quos
1562 4728 1692 4801 jungebat
1701 4728 1767 4785 sitta

980 4836 1161 4912 hyacinthina,
1176 4847 1210 4887 ae
1225 4831 1284 4886 laxe
1296 4830 1423 4893 onerem,
1437 4836 1463 4881 et
1476 4841 1490 4880 a
1505 4823 1660 4879 seinvicem
1674 4834 1766 4874 marre·

981 4940 1083 4987 rentur.
1108 4925 1177 4980 Nulli
1190 4931 1278 4976 autem
1292 4919 1414 4982 dubium,
1440 4915 1501 4982 quin
1518 4912 1619 4965 balteus
1633 4909 1693 4963 site
1707 4906 1766 4962 cin·

979 5021 1086 5092 quium,
1111 5014 1154 5070 cui
1177 5008 1395 5082 superhumerale
1419 5004 1623 5071 astringebatur,
1649 4997 1765 5052 tunicam

981 5108 1195 5184 ltyacintlrinam,
1211 5120 1271 5174 quae
1291 5111 1319 5156 et
1338 5092 1565 5167 superhumeralis
1584 5092 1672 5143 tunica
1685 5102 1766 5142 tuca-

979 5205 1068 5270 aaran,
1090 5199 1229 5271 cinqebat;
1244 5203 1339 5250 cuncta
1353 5190 1451 5245 etenim
1466 5201 1525 5255 quae
1545 5184 1680 5250 bucusque
1694 5179 1765 5233 dicta

979 5304 1055 5361 suut,
1071 5293 1105 5348 ad
1119 5289 1251 5361 pontilicis
1265 5284 1383 5340 babitutn
1399 5279 1540 5350 pertinent.
1556 5272 1657 5328 Debitio
1671 5284 1766 5324 conse-

979 5397 1092 5460 queuter
1112 5384 1227 5439 tritorum
1247 5379 1306 5448 ejus
1326 5374 1405 5429 simul
1425 5368 1504 5426 baltei
1523 5376 1551 5424 et
1570 5373 1668 5420 autera
1690 5362 1766 5418 indu-

980 5490 1068 5537 uteuta
1081 5481 1261 5546 exponuntur,
1276 5483 1337 5523 cura
1351 5466 1448 5520 dieitur
1462 5479 1469 5515 ι

1016 5567 1100 5624 Ριιιο
1114 5565 1175 5634 {iliis
1195 5565 1280 5616 Aaron
1296 5558 1394 5611 tunicas
1409 5554 1489 5609 litteus
1503 5549 1606 5618 parate
1624 5542 1766 5609 etbolteos,

980 5671 1033 5750 etc.
1048 5660 1139 5730 iieqnc
1152 5656 1185 5714 de
1195 5652 1290 5748 ιιειιεὶι
1300 5664 1404 5744 eorum,
1416 5655 1504 5743 uuum
1515 5652 1543 5703 et
1553 5641 1602 5716 ipsi
1615 5653 1697 5714 opere
1709 5636 1764 5710 plu·
