3794 6120
124 275 177 334 tt5
582 271 627 326 ut
646 270 899 328 ututuuntttttt
918 268 963 326 tt
983 269 1080 330 ldSlS
1097 273 1178 333 Ellis
1195 275 1260 332 tttt.
1279 275 1311 333 ll.
1716 284 1763 341 lib

125 402 177 447 tea.
194 398 277 454 atoue
293 382 362 437 enisa
385 381 454 435 altro
473 380 540 435 moti
561 390 698 445 poterunt:
720 381 834 451 oeqtalsa
854 381 922 436 taint
937 380 962 440 Α
976 390 1033 435 teat
1052 397 1123 438 nunc
1138 386 1222 440 ruttut
1242 386 1289 442 liei
1309 400 1359 456 pto
1373 388 1462 444 uoltis.
1481 389 1560 458 Quod
1582 400 1674 451 autetn
1694 393 1762 451 idern

125 484 185 529 rant
198 475 299 544 angelis
318 481 344 526 et
356 472 418 539 tiliis
433 469 495 535 bet,
517 487 575 525 cuttt
589 471 640 526 sint
656 472 705 541 filii
725 473 923 529 resurrectionis
972 473 1060 527 telum
1075 474 1110 530 de
1121 474 1266 547 bracintltn
1277 488 1306 533 et
1320 493 1447 549 purpura,
1464 489 1491 536 et
1509 497 1595 539 cucco
1607 482 1649 542 liis
1668 487 1762 554 tincto,

127 565 332 637 (tintinant).
349 561 594 633 Exemplumeuim
610 563 688 618 uoltis
713 563 819 636 Moyses
838 579 921 634 ange·
971 573 998 617 ct
1023 561 1096 619 bisso
1118 577 1217 622 retorta
1242 569 1354 637 pnlcttta
1379 572 1510 626 tnrietatn
1531 582 1687 630 contentum
1709 588 1762 642 est,

129 659 187 714 lica
200 655 427 719 convocationis,
442 668 524 724 quam
539 657 565 708 tn
580 665 672 711 monte
684 654 922 725 contemplationis
972 655 1031 725 quis
1054 671 1107 711 nou
1132 657 1221 715 rtdeat
1234 659 1314 715 etinm
1336 662 1411 729 juata
1438 660 1555 717 litteram
1570 663 1761 734 pulchritudini

127 749 205 811 ridit,
219 747 362 817 praeceptis
385 745 517 815 legalibus
531 744 661 812 ostendit,
678 759 728 816 per
741 759 856 815 quintum
871 745 922 800 nb·
972 744 1091 800 caelestis
1106 761 1254 816 congruere
1274 749 1402 804 visionis?
1413 748 1441 805 Si
1462 750 1534 806 enint
1548 751 1672 809 decorent
1686 754 1763 809 daut·

127 836 305 902 terraturium,
329 843 357 890 ct
377 833 428 902 ipsi
449 832 484 888 de
509 845 579 887 tetta
593 832 676 898 editi,
701 832 733 887 ad
756 833 922 890 consortium
971 846 1084 902 masque
1107 843 1251 906 astrorum,
1270 838 1293 892 si
1313 837 1484 894 multifariam
1498 841 1761 913 nubiumspecietn,

129 927 286 998 argeutum
303 923 420 981 incitatis
443 923 584 993 pertenire
602 924 748 992 possimus.
764 924 921 992 Exemplum
971 921 994 977 si
1015 921 1100 991 ipsam
1117 924 1177 979 irim
1200 926 1376 995 consideras,
1398 928 1474 984 mille
1499 930 1648 987 trahentem
1674 934 1762 989 uarius

129 1019 199 1074 ilem
213 1017 296 1072 nobis
314 1017 377 1071 ritae
391 1013 561 1084 perfectioris
584 1023 612 1069 ct
636 1014 721 1069 beata
738 1015 922 1070 retributionis
971 1013 1086 1070 adressa
1096 1017 1154 1071 soie
1168 1017 1288 1082 colores,
1297 1034 1385 1074 noune
1397 1020 1496 1076 ridetis
1511 1023 1559 1079 tibi
1572 1026 1761 1095 multoplures

128 1107 159 1165 ts
173 1108 260 1178 tgura
284 1105 448 1161 tabernaculi
475 1114 504 1160 et
527 1104 669 1160 ministerii
696 1105 872 1160 sacerdotatis
891 1120 922 1161 ac
971 1118 1005 1160 ac
1023 1104 1201 1173 pulchriores,
1215 1123 1295 1177 cuam
1311 1111 1372 1165 teto
1384 1111 1547 1168 tabentacuti
1563 1115 1672 1171 tutetta
1685 1127 1759 1184 sunt,

131 1198 253 1264 wirici,
278 1197 352 1268 ttttotl
376 1197 514 1259 ‹tsnrtbtn
536 1197 662 1267 praebuit.
688 1196 807 1268 Erigitur
831 1207 921 1253 autem
972 1193 1069 1250 tutius
1083 1196 1153 1252 coelo
1167 1198 1287 1253 culorum
1303 1208 1396 1256 notare
1411 1201 1549 1271 picturasi
1570 1205 1690 1274 Qttatunr
1710 1222 1760 1263 att·

131 1291 332 1348 ubetnacnluttt
353 1289 428 1358 jutta
449 1288 602 1359 etatttplutn
622 1289 696 1358 quod
723 1288 761 1343 itti
777 1287 804 1342 iu
831 1297 922 1344 munte
972 1289 1025 1337 lettt
1040 1285 1182 1351 coltttnnae,
1210 1299 1272 1345 ante
1290 1304 1356 1359 quas
1371 1305 1520 1361 appensum
1535 1296 1576 1351 est
1595 1297 1646 1352 ltoo
1660 1298 1760 1366 telum,

131 1390 311 1437 muranum
325 1389 378 1446 nst,
401 1379 509 1450 quando
528 1378 723 1448 electionique
745 1379 779 1433 ad
796 1378 923 1433 imitatio·
971 1374 1119 1431 coelesuutu
1132 1387 1194 1435 sunt
1210 1388 1354 1448 potestates
1368 1385 1514 1453 agminum,
1539 1397 1655 1456 quntum
1677 1391 1761 1445 ring.

131 1488 190 1531 nest
204 1473 337 1544 angelica
361 1471 495 1540 puritatis,
507 1485 588 1541 quam
610 1469 669 1540 ipse
689 1471 716 1524 itt
737 1469 844 1524 occulto
857 1484 922 1524 cou-
972 1464 1043 1518 tibus
1054 1466 1160 1522 etitniit
1173 1471 1320 1537 praeclara,
1337 1471 1481 1542 dequibus
1497 1483 1523 1530 ct
1537 1489 1617 1547 supra
1631 1477 1758 1545 diximus,

132 1565 256 1635 templati
267 1563 379 1627 meruit,
394 1576 464 1633 opus
477 1562 653 1632 animumque
666 1569 840 1630 componunt.
854 1561 921 1615 llae-
972 1552 1025 1609 lunc
1048 1565 1089 1611 est
1104 1556 1271 1626 tortitudine,
1293 1563 1480 1630 temperantia,
1506 1567 1648 1636 prudentia
1670 1578 1699 1623 ct
1717 1567 1762 1639 ju·

131 1666 207 1711 tenus
224 1655 262 1711 ds
284 1655 388 1721 pariete
412 1652 504 1720 templi
527 1650 688 1721 meridiano,
701 1651 921 1721 septentrionali,
972 1648 1054 1703 stitia.
1068 1649 1133 1714 Qun
1156 1650 1265 1718 gutidcm
1286 1654 1399 1708 uirtutes
1425 1655 1504 1711 aliter
1527 1658 1552 1711 in
1577 1657 1714 1714 laboribus
1734 1669 1763 1715 et
1802 1634 1805 1640 ⁴

129 1757 157 1805 st
168 1745 344 1812 occidentali,
355 1753 435 1815 prout
451 1742 579 1799 {lominus
594 1742 678 1810 dedit,
693 1743 845 1812 expositum
859 1751 920 1797 est:
936 1717 1100 1796 Butuntis
1110 1743 1171 1797 uita
1182 1742 1261 1813 buius
1272 1759 1288 1800 a
1301 1747 1389 1811 nobis,
1403 1749 1483 1804 aliter
1493 1749 1519 1805 in
1531 1752 1607 1806 coelis
1621 1762 1762 1808 serrantur

129 1842 155 1894 ttt
167 1836 350 1909 equentibus
363 1845 454 1891 autem
465 1835 548 1890 etiam
561 1833 693 1890 orientale
713 1834 793 1897 latus,
807 1832 923 1902 qualiter
972 1831 1007 1886 ab
1020 1831 1122 1901 augelis
1133 1839 1162 1889 et
1171 1833 1310 1890 anbnabns
1320 1838 1432 1892 satietis.
1443 1838 1481 1893 lbi
1497 1855 1611 1911 namque
1625 1847 1762 1912 regnantia

128 1925 370 1997 circompositum,
385 1933 561 1989 monstratur.
575 1923 629 1980 Sed
646 1922 719 1993 ptius
735 1921 875 1990 Scriptura
887 1921 922 1976 de
973 1935 1091 1990 presens
1106 1921 1282 1981 videturesse
1296 1927 1564 1998 subditumiustitie·
1589 1932 1637 1988 Est
1665 1943 1697 1990 et.
1711 1937 1763 1992 ttae

128 2022 221 2087 nmio
234 2022 350 2092 pariete,
364 2021 409 2091 uui
423 2028 516 2076 sancta
531 2027 687 2075 sauctorum
701 2030 716 2071 a
731 2017 820 2086 priore
835 2015 923 2071 tabet·
972 2010 1132 2069 immortalis
1143 2017 1387 2088 omninoJustitias3
1398 2022 1500 2078 nullutn
1513 2022 1615 2080 bunum
1630 2025 1685 2081 lieo
1696 2042 1763 2097 pras·

127 2112 386 2179 nautioditidebut,
401 2110 580 2166 intimandum
593 2107 732 2177 judicarit.
760 2106 761 2110 ’
973 2119 1084 2175 ponere,
1099 2108 1142 2163 uei
1155 2124 1273 2179 aquare,
1285 2111 1434 2182 prudentia
1451 2131 1458 2168 :
1476 2113 1532 2171 lien
1551 2115 1705 2174 drmissimc
1716 2134 1762 2174 co-

427 2220 542 2279 cgpnp
562 2219 628 2276 pm,
973 2193 1088 2264 itaetere,
1102 2199 1265 2256 lurutudiuis
1282 2217 1290 2256 :
1306 2203 1380 2258 unito
1400 2203 1508 2261 delectu
1523 2208 1604 2263 noxio
1616 2208 1759 2276 delectari,

127 2312 168 2373 De
179 2315 244 2373 adia
258 2323 284 2372 tt
294 2313 422 2369 columnia
436 2311 596 2369 ntnnuentt
614 2316 640 2363 et
655 2308 836 2380 propitiatorio
848 2323 923 2379 supet
975 2289 1171 2355 Ιθῑῃῠθῐΰῦῑῑθ·
1188 2289 1348 2360 Η1111111111ι
1364 2295 1435 2363 1111011
1450 2295 1488 2351 1ῑ1
1496 2294 1600 2366 iustitia
1623 2299 1651 2354 itt
1662 2301 1763 2357 subte-

488 2399 559 2436 srnt.
973 2378 1071 2434 rtiendo
1082 2381 1204 2449 initeris,
1222 2384 1295 2455 quod
1311 2386 1448 2455 prudentia
1470 2389 1497 2444 itt
1523 2391 1705 2462 praecavendis
1720 2392 1761 2447 in.

162 2472 260 2532 Facies
274 2484 298 2531 et
309 2475 436 2531 retunde
447 2472 595 2545 nuntiatio,
611 2481 664 2529 etc.
680 2470 775 2528 'telum
795 2470 856 2537 ltoc,
869 2484 923 2541 qun
973 2471 1058 2542 sidiit,
1074 2474 1144 2544 quod
1159 2474 1287 2533 lortitudo
1301 2479 1328 2534 in
1344 2482 1511 2549 pertetendis
1532 2483 1678 2551 molestiis,
1690 2487 1761 2555 quod

126 2568 334 2625 melliflui
359 2565 528 2621 diuidebatur
548 2564 677 2629 medinm,
695 2565 730 2618 111
746 2562 922 2633 1101111110·
975 2567 1149 2635 temperantia
1173 2568 1199 2622 lu
1221 2571 1377 2626 coercendis
1403 2573 1626 2632 delectationibus
1650 2576 1758 2647 pratis,

126 2659 181 2719 isti
191 2657 337 2728 tarentus,
359 2655 602 2726 uttiglutiquidem
612 2652 695 2708 cubiti
705 2651 878 2722 longitudinis
888 2651 922 2705 ad
973 2672 1027 2712 uon
1040 2658 1075 2715 itti
1087 2659 1139 2716 crit
1153 2659 1198 2716 ulti
1212 2661 1279 2719 niltll
1291 2663 1401 2719 omniun
1414 2665 1467 2720 erit
1492 2666 1566 2721 mali.
1583 2667 1655 2723 bene
1672 2679 1762 2725 autetn

128 2752 249 2824 priorem
263 2752 386 2817 dontuut,
400 2750 493 2804 decem
505 2761 571 2803 tero
593 2746 758 2816 pertinerent
779 2745 813 2800 ud
828 2759 923 2801 secuit·
974 2749 1016 2804 tta
1029 2751 1162 2807 coluntne
1175 2754 1210 2814 tle
1234 2754 1313 2825 lignis
1332 2757 1410 2812 sctitn
1439 2766 1502 2813 sunt
1525 2759 1613 2826 lactat,
1638 2761 1679 2815 tel
1698 2761 1761 2830 quia

127 2848 203 2904 san.
221 2846 300 2914 Quod
316 2859 364 2914 pet
377 2843 468 2898 omnia
483 2839 616 2898 mensuris
629 2841 731 2911 templi,
744 2838 815 2909 quud
831 2847 921 2908 postes
972 2841 1081 2911 spiritua
1104 2844 1216 2913 angelici
1240 2845 1457 2917 incorruptibiles
1480 2861 1574 2904 natura
1596 2861 1624 2906 et
1648 2854 1760 2906 immet·

128 2940 228 2997 utum
239 2950 282 2995 cst
294 2953 311 2994 a
321 2938 476 3000 Salomone,
491 2935 574 3006 littuet
585 2949 646 2990 esse
659 2932 830 2988 conueniens.
846 2930 921 2998 Quod
973 2935 1040 2989 tates
1052 2944 1114 2989 sunt
1129 2936 1239 3004 conditi,
1256 2937 1297 2993 „gt
1311 2939 1372 3007 nuti
1396 2939 1498 3008 absque
1520 2949 1630 3010 peetno
1649 2943 1761 3009 conditi,

128 3048 191 3089 caut
204 3030 425 3100 maetaginta
437 3026 586 3084 cubiturum
598 3023 779 3094 longitudinis,
788 3033 816 3078 et
828 3022 920 3091 uiginti
935 3045 939 3054 ¹

128 3122 289 3188 latitudinis,
299 3122 404 3178 tertiam
415 3118 590 3189 longitudinis
604 3128 717 3188 purtem,
727 3115 752 3170 td
765 3119 817 3182 est,
827 3113 919 3184 viginti
934 3072 958 3141 c
972 3121 1099 3177 stoditntt.
1118 3120 1156 3176 [te
1169 3121 1265 3191 quibua
1277 3130 1338 3190 apte
1352 3124 1474 3179 subditur
1489 3142 1496 3178 :

129 3215 239 3271 cobsstns
252 3214 285 3268 ad
300 3213 449 3268 interiorem
465 3211 585 3276 domum,
599 3209 650 3263 bot.
664 3218 706 3264 est
718 3215 841 3261 sanctum
856 3220 919 3260 sau·
1010 3212 1074 3279 Quin
1087 3212 1150 3279 ipse
1163 3212 1265 3281 quidem
1284 3212 1417 3269 denurotoe
1438 3225 1525 3278 erunt,
1549 3224 1602 3271 etc.
1624 3216 1763 3272 usurus

130 3319 238 3364 ctutum
267 3305 379 3362 babebat
410 3312 562 3376 separatam
585 3301 645 3359 :ita
672 3311 701 3356 ut
729 3298 866 3369 longitudo
892 3308 921 3354 et
972 3302 1070 3374 quippe
1090 3311 1153 3357 sunt
1175 3304 1317 3369 columnas,
1340 3314 1403 3359 ante
1424 3320 1490 3374 guas
1510 3308 1706 3375 appenderetur
1720 3322 1763 3363 ue·

131 3395 384 3466 Ι1111111Ῐ1111Ῑ115111111
408 3397 506 3451 dumus
530 3392 668 3450 1111111111ῑὸ
693 3406 744 3447 11111
768 3400 850 3447 titel·
875 3389 921 3445 Sic
973 3395 1047 3461 lunt;
1076 3395 1137 3462 gutia
1160 3394 1253 3464 postia
1274 3395 1343 3450 iutra
1361 3396 1450 3450 uelum
1469 3398 1530 3453 coeli
1553 3399 1665 3454 uirtutes
1685 3414 1764 3462 ange·

131 3504 192 3561 urge
209 3487 377 3544 tabernaculi
396 3500 457 3556 pars
481 3484 595 3540 interior
607 3481 801 3554 longitudinem
817 3490 845 3536 et
859 3479 920 3535 lati·
974 3484 1074 3550 lotum,
1089 3499 1202 3540 summe
1215 3483 1348 3540 claritatis
1363 3496 1425 3540 sunt
1441 3487 1526 3556 gratia
1542 3488 1657 3543 uertite.
1670 3486 1765 3556 Cattita

134 3582 250 3638 tudinem
265 3580 397 3645 similem,
413 3580 465 3634 boc
480 3589 523 3634 est
543 3578 674 3633 denorum
691 3576 806 3631 babebat
818 3574 920 3631 cubito·
973 3576 1072 3632 babent
1088 3592 1179 3643 aurea,
1206 3579 1267 3646 quia
1283 3587 1400 3632 utentem
1423 3593 1475 3647 nuta
1496 3590 1641 3645 teguntur,
1665 3577 1765 3634 liabent

136 3691 199 3732 mut.
212 3674 286 3743 uuit
308 3682 401 3729 autent
418 3673 488 3727 idem
503 3669 591 3726 telum
609 3669 757 3739 figuraliter
768 3667 920 3738 exprimat,
974 3669 1113 3744 praeseutia
1126 3665 1224 3722 ditinte
1239 3666 1400 3735 contuitionis
1414 3681 1447 3722 ac
1466 3669 1577 3723 titionis
1592 3668 1764 3723 illustratam.

136 3769 275 3839 tpostolns
288 3767 323 3822 ad
336 3766 462 3822 llsbtaeos
475 3763 617 3820 manifeste
627 3763 756 3827 declarat,
773 3760 818 3817 ubi
832 3770 861 3816 ct
871 3759 922 3815 boe
972 3757 1078 3814 liabent
1098 3765 1126 3812 et
1147 3756 1226 3812 bases
1236 3766 1397 3826 argenteas;
1422 3758 1486 3827 qaia
1501 3758 1590 3813 omnis
1603 3772 1698 3813 eornm
1714 3775 1764 3813 tta·

141 3861 235 3930 pstiter
262 3858 375 3928 eapouit
395 3857 428 3913 ad
446 3872 557 3913 sensum
578 3853 750 3926 allegoricum
766 3871 772 3907 :
787 3868 872 3922 guare
893 3851 921 3907 in
974 3858 1032 3905 tura
1048 3849 1074 3904 in
1088 3849 1149 3915 boc,
1164 3847 1240 3916 nursi
1255 3848 1442 3914 laudamento,
1459 3851 1613 3918 specialiter
1630 3851 1762 3918 subsistit,

140 3951 221 4020 priore
233 3950 345 4023 quidem
359 3948 532 4004 tabernaculo
546 3961 654 4016 teutpet
665 3945 809 4000 introirent
830 3956 922 3998 sacer-
974 3949 1002 3996 ut
1016 3940 1109 3996 laudes
1120 3941 1279 4010 ltgmnortnn
1295 3954 1346 3994 suo
1360 3937 1499 3995 conditori
1521 3943 1659 4011 decantet,
1674 3952 1702 3996 ut
1718 3957 1766 3997 ro·

141 4044 228 4112 dotes,
251 4040 446 4099 sactillciorunt
466 4039 556 4095 oltlcia
573 4044 800 4102 consummantes,
824 4034 851 4089 iu
875 4049 922 4089 se·
973 4032 1104 4088 luntatem
1118 4029 1419 4102 ejnsnsmcnndtnrir,
1441 4029 1518 4085 uobis
1533 4029 1622 4085 adbuc
1642 4030 1669 4085 iu
1693 4039 1765 4087 terra

144 4135 222 4191 turdo
233 4143 323 4189 tutem
337 4132 421 4188 semel
437 4132 463 4186 iu
476 4145 547 4185 anun
559 4130 633 4185 solus
648 4126 777 4197 poutiier,
797 4141 849 4180 uon
863 4124 923 4179 sine
974 4121 1221 4194 peregrinantibus,
1232 4118 1308 4190 'qumi
1323 4130 1399 4175 extra
1414 4120 1505 4175 uelum
1518 4120 1621 4190 positis,
1634 4122 1690 4176 suis
1700 4137 1766 4177 con·

81 4224 83 4273 i
146 4228 280 4298 sarguitte,
303 4239 384 4293 nuent
400 4221 532 4279 ollerebat
554 4234 602 4290 pro
622 4233 670 4274 sua
694 4226 721 4273 et
737 4217 826 4287 populi
848 4216 923 4284 igno·
974 4212 1078 4270 ciuibus
1101 4224 1221 4268 narrent.
1238 4211 1316 4268 llnde
1340 4220 1369 4268 et
1393 4211 1442 4281 ipsi
1468 4213 1502 4269 de
1527 4222 1598 4269 tetta
1622 4222 1766 4283 cougratu-

81 4318 84 4405 ᾗ
149 4317 232 4372 mutia.
248 4314 344 4372 ldutn
369 4314 436 4380 tue,
450 4312 548 4369 eoelum
564 4311 770 4379 interpretatur.
785 4305 860 4373 Quod
875 4321 923 4361 au·
974 4304 1061 4359 lantes
1079 4317 1172 4358 corum
1194 4302 1319 4358 laudibus
1341 4302 1446 4368 sedulo,
1462 4306 1538 4374 qutasi
1560 4319 1626 4359 toce
1639 4305 1766 4360 esbntta·

152 4418 196 4464 tem
215 4411 239 4465 itt
260 4408 352 4479 priore
365 4405 537 4462 tabernaculo
556 4400 678 4472 quotidie
698 4414 746 4471 per
766 4413 865 4453 aunum
881 4398 915 4453 iu·
976 4395 1055 4460 toria,
1071 4393 1162 4451 dicere
1175 4394 1296 4450 sulemus
1310 4413 1317 4449 :
1333 4393 1483 4450 Brncdicite
1506 4395 1657 4461 llonnnttm,
1679 4412 1765 4451 omnes

155 4499 251 4555 tutilant
264 4514 326 4555 cuttu
340 4495 481 4554 sactiliciis
493 4495 659 4559 sacerdotes,
675 4507 759 4562 super
772 4491 851 4561 bujus
863 4491 924 4546 titas
976 4488 1062 4558 angeli
1084 4492 1159 4557 eins,
1182 4496 1295 4559 potentes
1316 4489 1422 4553 sittuts,
1442 4487 1487 4559 qui
1505 4489 1591 4560 [scitia
1610 4485 1767 4543 voluntatens

158 4600 212 4647 statu
222 4593 343 4650 edisserit
366 4608 374 4648 a
399 4591 443 4648 nbi
468 4587 556 4646 sancti
580 4587 692 4642 Domino
711 4585 770 4640 sine
791 4583 924 4639 intetntis-
976 4582 1031 4653 ejus
1046 4579 1158 4652 (Parim.
1180 4579 1239 4652 cu).
1255 4580 1329 4636 duro
1348 4593 1463 4648 namque
1478 4592 1551 4649 sape
1576 4579 1601 4632 in
1621 4577 1767 4648 scripturis

161 4680 218 4739 inte
228 4685 397 4749 innatantes,
410 4681 581 4753 quotidianos
603 4693 662 4736 suat
684 4676 834 4746 tragilitatis
849 4690 925 4731 erra·
975 4674 1114 4745 sapientiae
1128 4672 1268 4744 splendor,
1285 4683 1396 4744 argento
1411 4672 1482 4728 nitor
1498 4672 1605 4728 ostendi
1620 4673 1764 4729 uerborum

162 4782 202 4844 itt,
223 4779 277 4834 tine
298 4776 396 4849 nutibus
413 4789 474 4830 esse
488 4775 514 4828 in
533 4769 586 4828 bac
612 4773 664 4824 utta
689 4769 837 4823 nullatcnus
860 4781 923 4836 pos·
975 4765 1127 4822 consuerit.

163 4877 217 4939 tunt,
227 4871 387 4942 quotidianis
410 4871 663 4936 bottornmopcrntn
679 4863 805 4929 uictintis,
830 4861 922 4931 qund-
1012 4857 1142 4912 lustretur
1164 4864 1249 4910 autent
1274 4854 1356 4910 uelum
1377 4873 1422 4928 per
1436 4856 1555 4922 circulos,
1568 4863 1623 4911 etc.
1648 4852 1764 4921 direnti,

165 4956 228 5016 lutis
259 4963 436 5034 lacrymarum
470 4973 579 5014 suatum
619 4954 808 5020 libaminibus,
848 4952 923 5021 tgnasi
977 4948 1047 5017 quud
1063 4961 1149 5016 neque
1171 4946 1275 5001 initium
1292 4947 1401 5015 ltabete,
1416 4962 1504 5018 neque
1525 4947 1606 5001 inem
1627 4945 1763 5010 uidentur,

165 5046 362 5110 ltritaeerdotes
377 5050 423 5105 liei
448 5058 475 5104 ct
493 5048 594 5104 Cbtisti
613 5047 683 5115 eius,
700 5047 819 5115 eupiunt.
842 5044 923 5101 Sum·
977 5055 1168 5109 nonuunquam
1184 5037 1361 5109 inscriptura
1383 5054 1459 5095 sacta
1476 5052 1524 5107 pto
1538 5036 1687 5091 eternitate
1702 5039 1765 5105 poni

165 5145 217 5193 1111
234 5158 294 5200 tetn
312 5142 491 5207 sacerdotem,
515 5140 560 5210 qui
585 5137 669 5195 semel
687 5136 715 5192 in
740 5152 811 5193 anuo
830 5146 923 5192 sancta
976 5131 1074 5186 solent.
1091 5129 1125 5184 Et
1138 5140 1200 5198 apte
1212 5128 1312 5193 telum,
1326 5129 1488 5199 qttncoelunt
1505 5127 1643 5195 liguratur,
1659 5140 1706 5194 per
1717 5126 1766 5179 cit·

163 5233 290 5289 ⁸tutorum
311 5248 373 5288 cnm
384 5233 512 5302 sanguiue
527 5230 695 5285 uictimarum
711 5227 921 5296 ingrediebatur,
976 5222 1053 5278 culos
1064 5234 1223 5291 suspensum
1236 5234 1296 5275 csse
1310 5218 1481 5290 petitibetut;
1495 5218 1537 5272 tel
1550 5215 1612 5285 quia
1626 5215 1651 5269 iu
1663 5222 1765 5269 aternu

163 5314 229 5383 lpssn
240 5327 365 5397 inteiligit
378 5341 438 5382 esse
446 5325 598 5394 pontillcent
614 5336 750 5391 maguum,
765 5322 809 5376 cui
820 5321 921 5376 dictum
976 5324 1035 5370 erat
1049 5311 1161 5368 consilio
1175 5309 1336 5376 lliuiuitatis,
1357 5307 1464 5378 quando
1479 5306 1596 5362 tnundns
1615 5312 1763 5367 crearetur.

164 5409 293 5470 tritten
305 5413 427 5471 uastius
448 5413 476 5467 in
500 5423 625 5467 manaan
642 5408 783 5463 ntundnan
805 5409 923 5465 ordinent
974 5407 1002 5463 lu
1016 5419 1070 5476 qun
1085 5404 1198 5472 primum
1213 5412 1293 5473 atquc
1306 5401 1435 5457 eximium
1461 5398 1549 5455 locum
1565 5397 1646 5452 lsabct
1669 5405 1764 5451 natura

81 5574 83 5589 Ι
160 5493 324 5563 *warne
349 5503 462 5578 (Psolst.
483 5502 551 5574 cta).
576 5501 628 5571 unt
651 5501 736 5558 semel
756 5500 861 5557 oblatus
875 5514 924 5570 pro
974 5498 1110 5562 coelestis3
1126 5497 1167 5552 tel
1184 5496 1245 5566 nuta
1262 5496 1298 5550 ita
1314 5494 1413 5549 taetrum
1429 5491 1762 5559 estlttmamentumroeli,

160 5601 255 5663 mus
277 5603 388 5666 ttcsttis,
413 5600 472 5671 ipso
493 5597 620 5655 sacerdot
639 5605 667 5666 et
692 5597 779 5653 bostis
801 5611 849 5667 per
863 5611 924 5667 pro·
976 5599 1152 5660 utnuuquam
1167 5585 1339 5654 lacturaejus
1352 5584 1484 5639 scitatur.
1504 5581 1569 5637 uam
1584 5584 1656 5650 quod
1672 5582 1759 5638 lluutt·

159 5689 392 5769 tatanngutten
411 5693 438 5751 in
453 5691 540 5764 ipsum
554 5689 653 5749 etatum
669 5687 791 5757 intrarit,
801 5696 831 5745 ut
842 5702 926 5760 appa·
977 5698 1027 5742 nus
1041 5680 1097 5738 ait:
1115 5678 1213 5737 Guttam
1225 5686 1251 5736 tt
1264 5685 1331 5734 terra
1345 5673 1490 5732 transibunt
1505 5671 1612 5746 (itattlt.
1627 5672 1714 5745 aaut),
1728 5672 1762 5732 de

974 3023 1158 3083 intemeratam
1172 3042 1228 3083 sun
1242 3030 1402 3085 conditionis
1427 3033 1568 3102 puritatem
1591 3049 1700 3104 semper
1713 3050 1762 3090 cu·
1882 3075 1885 3079 ‹
