3794 6120
69 300 73 306 ·
139 269 194 328 etl
391 266 491 325 heom
511 262 738 322 tenenlsllts
756 260 898 321 denubit
920 256 1009 320 PARS
1028 261 1061 320 lt.
1081 292 1117 307 ·-
1136 260 1335 321 eleccslcn
1355 265 1528 322 oenotris:
1718 272 1773 332 228

143 387 230 442 hreno
244 390 333 440 autem
347 382 417 438 does
428 381 534 436 colores
549 379 639 446 hahet,
653 378 734 434 idest
751 391 826 447 aptae
843 384 870 432 ct
891 374 966 441 isti
981 383 1022 431 est
1034 376 1204 446 splendorem
1224 393 1300 435 suum
1314 377 1389 449 juxta
1409 393 1529 443 crucem,
1553 394 1667 450 quarum
1688 382 1774 443 iacies

140 477 193 543 nis,
207 475 329 545 noaelsto
343 471 534 544 significantur.
548 471 634 526 hrcns
645 484 710 526 vero
722 477 783 521 ante
796 467 929 522 dalnnnm
981 479 1083 522 samse
1096 478 1174 534 strat,
1191 469 1217 523 id
1231 479 1272 524 est
1287 484 1333 524 soa
1347 471 1491 526 aversione
1512 471 1538 525 in
1556 474 1690 530 tenebras.
1707 476 1772 531 lini·

140 583 193 623 non
215 566 274 632 luit,
296 564 344 620 se'd
368 571 428 632 post
448 562 575 617 diluriunt
599 562 654 617 Noe
673 562 786 631 liliisqne
809 559 881 615 iilius
902 557 929 612 in
981 557 1064 627 pilum
1074 569 1159 612 antem
1172 558 1237 624 noe,
1249 559 1384 615 Christum
1396 572 1578 628 resurgentem
1589 576 1621 619 er
1634 567 1771 631 passione.

140 659 244 728 signnm
268 656 423 712 securitatis
444 669 461 708 a
483 654 585 710 dilucio
605 670 619 707 a
642 653 755 709 hornino
780 655 874 718 d;ttur;
890 651 930 708 sic
981 647 1047 703 Cant
1060 650 1189 704 didicisset
1203 654 1272 720 qrtcd
1285 654 1355 722 ptius
1368 671 1431 709 sons
1445 655 1539 710 minor.
1555 654 1607 712 Per
1622 657 1705 714 lilium
1720 662 1773 716 mi·

139 749 312 817 baptismum,
326 748 430 816 signum
445 749 596 802 securitatis
613 756 656 802 εει
680 747 807 802 Ecclesiae
831 745 930 801 Christi
981 757 1074 798 norem
1102 745 1215 813 pupulus
1239 744 1392 800 ltrdreornm
1422 747 1586 817 designatur.
1615 746 1771 808 Maledictus

139 839 293 896 srirrdicta.
306 839 409 894 Etenim
424 839 544 895 irorrrines
558 840 584 894 in
599 840 759 909 baptismum
776 855 823 908 per
834 852 928 907 aquam
981 832 1061 887 Clturn
1075 850 1085 889 .·
1099 836 1242 891 rindictam
1255 850 1336 905 snper
1348 837 1455 894 lrrdaaes
1470 839 1640 910 praefigurare
1655 843 1768 901 viderur,

138 943 166 988 et
178 931 265 1003 ignem
280 932 395 1001 Spiritus
414 934 499 988 saneti
515 932 662 987 salvantur.
677 931 763 985 Aliter
781 946 861 984 arcus
875 942 929 984 tres
982 927 1083 981 [licitur
1106 940 1194 982 autem
1219 926 1302 982 Clram
1325 930 1395 996 quod
1409 939 1481 983 esset
1495 946 1588 985 sertus
1603 934 1664 987 Sem
1683 944 1708 989 et
1724 934 1770 990 lo-

139 1025 245 1081 colores
260 1025 360 1082 habere
371 1027 480 1092 dicitnr,
497 1025 522 1080 id
537 1033 589 1091 est,
605 1024 817 1094 hyacinthinum,
830 1030 857 1076 et
870 1021 930 1076 oni·
980 1020 1081 1089 pheth;
1099 1035 1146 1088 per
1160 1020 1230 1090 quod
1250 1019 1405 1090 intelligitur
1416 1023 1515 1076 malam
1537 1034 1639 1092 partem
1663 1024 1771 1082 ludeo·

138 1116 190 1183 dis,
207 1130 234 1173 et
248 1119 388 1186 pubinum,
403 1119 430 1173 id
454 1127 506 1184 est,
528 1117 685 1172 scandalum
711 1115 890 1185 peonitentiae,
901 1121 930 1169 ει
980 1124 1040 1164 rutn
1055 1111 1217 1164 curvandam
1232 1125 1293 1165 csse
1305 1112 1337 1164 ad
1354 1111 1451 1165 honam
1463 1122 1566 1181 partem
1576 1115 1731 1170 htdnorum
1743 1124 1772 1172 ct

138 1211 192 1267 rtta
207 1214 329 1278 actualis,
342 1222 369 1267 et
384 1211 465 1267 ardor
477 1210 623 1280 spiritualis
635 1210 662 1264 in
677 1209 780 1263 ratione
793 1206 927 1276 baptismi.
982 1203 1071 1269 populi
1086 1202 1214 1271 pentiurn.
1231 1200 1336 1257 Eretrirn
1349 1202 1433 1255 Citam
1461 1205 1586 1271 pupulum
1601 1204 1768 1272 ludaeorum,

138 1304 224 1359 Aliter
240 1318 286 1372 per
301 1319 390 1358 arctum
404 1302 550 1374 spiritualis
572 1300 692 1355 doctrina
705 1299 872 1366 intelligitur.
895 1296 930 1352 Et
979 1298 1009 1344 el
1022 1289 1084 1347 Sem
1100 1293 1196 1346 honam
1213 1302 1313 1361 partem
1328 1293 1417 1362 populi
1431 1293 1595 1362 ludaeorum,
1611 1306 1637 1350 et
1653 1296 1769 1366 iapheth

138 1408 187 1463 per
210 1396 325 1449 cariorem
346 1408 432 1459 aarum,
448 1393 528 1446 l'etus
540 1389 751 1444 Testamentum.
769 1387 802 1440 Et
818 1401 866 1455 per
878 1399 928 1440 en·
981 1384 1107 1454 populum
1122 1387 1254 1454 gentium.

138 1484 222 1541 iorem
246 1483 323 1552 ignis,
339 1482 452 1546 Nouum,
469 1491 496 1536 ει
510 1494 605 1534 setosus
619 1477 774 1546 spiritualis.
790 1476 928 1531 lloraliter
1018 1475 1113 1531 Dilotet
1128 1475 1198 1531 liena
1211 1477 1335 1546 topheth,
1348 1494 1432 1549 usqne
1447 1479 1516 1534 Sem.
1531 1480 1636 1534 Etenim
1650 1480 1766 1549 tapheth

137 1583 227 1629 sutem
242 1574 264 1628 si
279 1574 338 1644 quis
362 1573 552 1628 intrudantihos
566 1571 643 1625 ruralis
663 1577 821 1624 conuertere
840 1580 870 1621 se
885 1580 929 1634 po·
982 1568 1154 1625 historialiter
1169 1571 1302 1638 Europam
1316 1572 1453 1637 habitauit,
1466 1571 1697 1629 ct'occidentalern
1711 1576 1768 1644 pla·

138 1677 190 1723 test
204 1682 218 1721 a
230 1671 309 1723 rehtrs
320 1665 633 1728 husilrusetcadncis,et
645 1663 735 1717 audire
748 1664 857 1716 neritum
869 1661 927 1725 Dei,
980 1678 1039 1731 gam
1054 1664 1125 1718 dsite
1139 1665 1265 1719 obtinuit.
1282 1664 1340 1720 lam
1356 1682 1419 1719 vero
1435 1667 1497 1720 illud
1521 1665 1592 1734 quod
1617 1676 1676 1736 post
1698 1668 1767 1722 diln·

137 1769 166 1815 ει
175 1767 305 1828 precepta
318 1758 447 1835 caelestia,
460 1756 504 1811 hic
515 1758 582 1810 intra
594 1769 640 1808 cor
649 1769 725 1808 sunm
736 1767 826 1808 arcam
833 1751 927 1808 salutis
942 1738 967 1800 Β
982 1753 1051 1808 riom
1066 1754 1099 1811 de
1114 1756 1190 1810 vinea
1205 1772 1284 1826 quarn
1300 1758 1429 1825 plantavit
1442 1758 1586 1812 inebriatus
1600 1767 1643 1812 est
1654 1758 1720 1822 Noe,
1738 1769 1769 1815 et

136 1854 261 1917 sedilioat,
270 1863 296 1907 et
305 1851 492 1906 bibliothecam
504 1851 571 1902 intra
582 1862 612 1901 se
622 1846 703 1901 dirirri
712 1842 925 1901 conteratrerhi.
978 1843 1091 1901 nudatns
1102 1856 1143 1901 est
1156 1847 1182 1900 in
1196 1848 1275 1901 diurno
1296 1862 1355 1915 sua,
1369 1850 1411 1901 coi
1426 1864 1478 1902 non
1494 1857 1618 1916 appareat
1642 1849 1675 1903 ad
1689 1849 1766 1904 Chri·

137 1944 341 2014 Longitudinem
353 1942 379 1996 in
389 1944 441 2007 illa,
452 1938 664 2001 otiatitudinem,
676 1947 703 1992 ει
713 1937 889 2005 altitudinem,
900 1942 928 1990 ει
977 1948 1048 1994 stum
1064 1939 1215 2008 pertinere?
1230 1939 1297 1994 llum
1318 1954 1411 2009 passus
1421 1949 1472 2005 est,
1487 1940 1612 2008 trudatur,
1625 1939 1688 1994 dunt
1703 1955 1766 1995 cru·

136 2035 226 2103 iidem,
241 2044 268 2089 et
286 2033 455 2096 charitatem,
471 2038 498 2085 ει
511 2044 586 2100 spem
603 2028 727 2082 collocat.
742 2028 834 2083 Fidem
849 2027 925 2082 trini·
976 2029 1072 2086 cillaus
1090 2041 1133 2086 est
1152 2032 1178 2087 in
1195 2033 1275 2087 donno
1294 2047 1353 2096 sna,
1370 2031 1396 2085 id
1417 2042 1459 2086 cst
1480 2032 1505 2087 in
1520 2042 1598 2103 gente
1610 2047 1668 2086 sua.
1692 2032 1768 2088 Tarne

137 2134 189 2192 tas,
203 2136 231 2181 et
249 2122 440 2193 longituthnem
455 2123 527 2189 vilae,
541 2130 571 2176 el
585 2119 812 2174 immortalitatem
834 2129 927 2172 ostell-
977 2123 1049 2179 enim
1065 2123 1161 2177 nudata
1171 2123 1415 2178 mortalitascarnis
1427 2124 1497 2181 illins
1510 2141 1516 2176 ε
1528 2139 1603 2194 quom
1614 2123 1767 2190 nuditatem,

36 2242 38 2246 ⁷
136 2218 186 2283 dit,
199 2218 367 2272 latitudinem
378 2213 517 2269 charitatis
530 2211 702 2281 indulgentiae
713 2219 740 2265 et
755 2208 926 2280 hettignitatis
977 2214 1003 2270 td
1014 2223 1056 2270 cst
1070 2215 1231 2284 passionem,
1246 2215 1332 2269 ridens
1346 2212 1427 2269 Ehem
1440 2215 1538 2279 derisit,
1561 2214 1586 2269 id
1606 2224 1647 2270 εει
1667 2212 1763 2270 ιιι-ει.

135 2309 227 2363 lorrdnt
241 2306 375 2374 allectum,
390 2305 556 2359 altitudinem
573 2304 630 2372 spei
644 2304 677 2357 ad
692 2300 810 2357 coelcsha
824 2301 923 2357 erexit.
977 2304 1039 2363 Sena
1049 2320 1108 2361 uero
1121 2316 1145 2361 et
1159 2304 1281 2378 iapheth,
1296 2315 1421 2376 tartonam
1436 2305 1489 2360 dno
1501 2305 1590 2376 populi
1604 2321 1635 2361 eu
1649 2305 1764 2362 circum.

135 2401 272 2456 Surntnam
295 2414 359 2453 reru
374 2412 482 2452 arcuum
498 2410 606 2450 sucrum
622 2394 704 2450 relect
718 2394 751 2448 ad
765 2409 857 2448 untrm.
870 2393 926 2450 scit
976 2394 1077 2451 cisione
1101 2405 1129 2450 et
1151 2396 1301 2465 preputio,
1324 2397 1499 2450 restinrrntonr
1525 2406 1664 2465 posuerunt
1688 2413 1766 2468 snper

134 2495 206 2551 caim
219 2491 280 2563 qrria
302 2505 396 2546 ornnes
417 2490 525 2560 qtridetn
539 2499 660 2555 currunt,
675 2489 721 2545 sed
736 2504 805 2544 unus
827 2486 925 2559 accipit
975 2487 1158 2554 decretumst
1173 2489 1296 2543 intrantes
1309 2491 1391 2544 consi
1401 2500 1556 2559 operuerunt
1568 2489 1709 2543 nuditatem
1719 2506 1767 2560 pe·

134 2587 273 2648 bravium,
297 2580 402 2637 scilieet
427 2582 473 2652 εει
500 2580 691 2650 cogitationum
717 2581 848 2635 varietate
871 2593 923 2633 non
975 2579 1033 2633 tris.
1047 2577 1167 2647 Quodam
1181 2579 1254 2634 enlm
1272 2581 1353 2635 modo
1369 2581 1519 2647 passionem
1535 2579 1658 2650 tegletus,
1673 2581 1765 2650 idest,

133 2680 214 2738 luerit
240 2676 401 2748 mtrltiplex;
428 2675 474 2730 sed
500 2675 569 2728 hanc
591 2671 782 2730 bibliothecam
810 2688 863 2727 tros
890 2686 923 2728 et
975 2680 1144 2725 sacramento
1159 2671 1340 2738 honoramus,
1356 2671 1480 2741 illiusque
1493 2673 1613 2743 arrysterii
1633 2673 1764 2727 rationem

136 2770 287 2843 agrestibus
309 2776 337 2824 et
352 2766 488 2834 impolitis,
510 2762 557 2817 sed
573 2777 606 2817 cx
621 2760 760 2833 quadratis
773 2759 924 2817 construxit
975 2760 1131 2828 reddentes,
1143 2761 1335 2818 detractionem
1349 2761 1503 2817 ludaeorum
1517 2762 1663 2831 operirnns.
1677 2762 1762 2818 bursa

131 2863 220 2934 lignis,
236 2861 261 2916 id
278 2868 387 2916 estnon
409 2872 442 2912 ex
464 2854 634 2910 saccularium
659 2862 808 2921 auctorum,
826 2855 921 2909 sedes
974 2861 1063 2909 autem
1085 2855 1241 2909 memoriam
1257 2856 1452 2923 praeteritorum
1466 2855 1609 2925 signilicat,
1623 2871 1683 2924 quta
1699 2870 1760 2925 pas·

132 2952 295 3026 propheticis
322 2960 350 3006 ει
375 2948 528 3020 apostolicis
554 2944 744 3001 voluminibus.
769 2944 821 3013 lpsi
850 2944 922 3002 enirn
973 2944 1077 3001 siotretn
1099 2946 1198 3001 Christi
1223 2955 1384 3002 transactam
1407 2947 1524 3001 celebrat
1547 2946 1681 3014 Ecclesia,
1707 2963 1761 3003 non

132 3057 195 3102 suut
207 3047 263 3115 qui,
280 3043 408 3098 resecatis
421 3038 551 3095 universis
564 3038 633 3092 titiis
648 3047 675 3092 et
685 3037 794 3106 excisis,
806 3038 920 3108 quadra·
975 3046 1126 3106 prospectat
1140 3036 1264 3092 loturarn.
1279 3036 1381 3091 Medius
1394 3049 1478 3091 autern
1498 3037 1589 3104 Citam,
1607 3039 1633 3092 ht
1651 3047 1692 3094 εει
1711 3037 1759 3093 tu·

131 3144 185 3191 tarn
206 3135 344 3188 corrtinent
366 3135 461 3198 ritant,
483 3144 516 3184 ex
539 3128 665 3198 orantique
687 3136 763 3198 parte
785 3129 918 3186 libratam.
933 3094 958 3160 c
974 3127 1036 3183 daei.
1051 3128 1114 3185 ldco
1133 3129 1248 3196 medios,
1264 3133 1325 3201 quia
1340 3145 1390 3186 nec
1413 3130 1555 3199 primatum
1579 3133 1760 3199 apostolorum

131 3227 197 3284 Nam
219 3237 342 3280 auctores
364 3226 530 3278 secularium
548 3221 710 3274 voluminum
728 3233 839 3290 posstrnt
860 3224 917 3292 qui·
975 3220 1069 3284 lenuit,
1085 3234 1134 3275 nec
1158 3220 1185 3275 in
1208 3221 1307 3276 ultitnis
1327 3222 1451 3290 perrtlhus
1473 3223 1598 3279 eredidit.
1628 3221 1763 3277 Noutrueit

131 3317 193 3372 dean
209 3316 260 3369 diei
277 3314 345 3381 ligna
361 3312 476 3374 excelso,
491 3325 543 3365 tron
557 3317 669 3380 possunt
683 3318 773 3365 tanuen
788 3312 920 3380 quadrata
972 3318 1044 3385 [mor
1056 3315 1177 3384 {ratribus
1190 3316 1262 3381 tuir,·
1277 3332 1325 3385 per
1337 3316 1411 3371 illum
1425 3319 1522 3389 quippe
1537 3319 1706 3374 ntarrilesturn
1721 3328 1763 3374 est

131 3408 196 3473 tlici,
211 3406 282 3475 quod
298 3408 325 3459 itt
345 3405 397 3459 illis
412 3417 578 3473 tteqttttqtttltrl
593 3403 658 3468 lile,
673 3403 721 3460 sed
736 3417 826 3456 scruto
846 3404 920 3460 colli·
972 3410 1043 3480 qnod
1057 3411 1152 3465 eratin
1167 3410 1307 3478 prophetia
1322 3420 1465 3465 secretum,

131 3501 201 3555 hrat.
216 3494 308 3551 Facite
319 3505 405 3550 cotem
417 3496 442 3548 iu
456 3495 501 3547 illo
513 3495 674 3548 conacoloet
689 3495 804 3565 trittepo,
816 3494 868 3550 hoc
879 3503 918 3552 εει
1008 3499 1162 3555 lienctlictns
1180 3501 1304 3555 [inmittor
1333 3502 1401 3556 Deos
1422 3501 1500 3569 Scrn3
1520 3502 1553 3556 sit
1572 3500 1653 3556 Chaos
1675 3519 1763 3557 serato

132 3589 298 3644 tractationes
310 3585 462 3641 historicas.
476 3582 552 3638 llisee
564 3584 643 3653 igitur
653 3592 680 3638 et
694 3584 851 3655 mysterium
866 3599 918 3638 ma·
971 3592 1051 3647 littus,
1066 3592 1133 3659 Quid
1147 3592 1218 3647 enim
1241 3592 1313 3647 allud
1328 3603 1368 3648 est
1383 3593 1495 3663 palpatus
1515 3593 1677 3659 ludentum,
1703 3594 1755 3650 nisi

119 3695 215 3752 ¹gruum
239 3676 311 3746 quoti
335 3678 361 3732 in
386 3676 492 3730 Christo
514 3685 541 3730 et
562 3676 587 3730 in
614 3675 732 3732 Ecclesia
757 3678 917 3746 completor.
971 3684 1078 3755 quidam
1102 3699 1195 3738 sertus
1219 3684 1308 3755 populu
1325 3685 1480 3748 Clurlstiani,
1498 3686 1618 3753 hajulans
1632 3686 1717 3754 legem
1732 3694 1759 3739 ct

131 3778 255 3840 Aprtoste
267 3771 348 3824 etiarn
362 3769 506 3824 entendare
526 3782 625 3834 mores,
644 3784 767 3825 resecare
784 3767 858 3834 titia,
879 3768 920 3824 ni·
971 3777 1128 3844 prophetas,
1139 3784 1168 3829 ut
1178 3791 1227 3831 nos
1241 3779 1403 3832 lrotrcrcrnns
1419 3793 1466 3849 per
1480 3787 1676 3833 sacramentum
1687 3779 1758 3847 ‹prrod

129 3863 179 3917 dos
191 3862 218 3917 iu
239 3862 283 3917 ilia
299 3862 464 3918 diversarum
485 3861 610 3916 virtutum
625 3862 771 3918 collocans.
789 3861 828 3918 lic
850 3864 920 3918 intas
971 3866 1009 3922 illi
1025 3871 1146 3922 rrurrtiant
1160 3882 1205 3937 per
1219 3867 1350 3923 litteram!
1366 3868 1428 3925 Sena
1443 3880 1533 3924 antem
1548 3872 1634 3938 rrtajor
1648 3880 1721 3933 uatn,
1734 3882 1760 3924 et

130 3970 193 4009 tone
206 3963 231 4008 et
245 3954 277 4008 tle
291 3954 354 4024 [orit
368 3953 533 4008 bituminabis
556 3955 644 4018 illorum
667 3957 748 4011 corde
770 3955 849 4010 Edem
873 3971 919 4029 ge·
971 3964 1173 4031 interpret-utor,
1188 3963 1244 4029 ipse
1257 3973 1298 4016 est
1318 3977 1351 4016 ert
1366 3975 1418 4032 quo
1434 3963 1572 4030 prophetae
1596 3973 1624 4017 ει
1646 3963 1761 4030 apostoli

131 4063 205 4113 rens,
225 4061 272 4101 ore
285 4045 481 4102 confessionem
502 4048 657 4116 proterens,
680 4049 752 4103 intus
765 4048 917 4116 scientiam,
971 4052 1091 4123 personati
1103 4063 1175 4107 sunt.
1188 4052 1282 4120 taphet
1294 4061 1395 4117 autern,
1404 4051 1429 4105 id
1440 4060 1493 4116 est,
1506 4051 1626 4116 latitudo,
1639 4053 1759 4122 potitium

130 4139 195 4194 loris
210 4152 291 4208 opera
314 4136 415 4192 hahens
437 4138 463 4193 in
488 4153 559 4194 arca.
577 4138 647 4209 Ergo
662 4140 693 4195 atl
716 4140 867 4197 divinornm
883 4142 918 4196 li·
970 4156 1011 4202 est
1024 4155 1100 4217 pater
1115 4163 1122 4200 ε
1139 4160 1167 4202 ει
1181 4148 1387 4216 ridemusjutta
1412 4147 1577 4216 prophetiam
1593 4145 1659 4211 Noe,
1678 4147 1704 4200 in
1721 4156 1759 4200 ta·

130 4229 251 4296 brorum,
264 4231 320 4284 sire
332 4230 447 4284 arrianam
463 4228 566 4285 huelem
583 4232 752 4288 introducere
764 4233 847 4288 dehes
861 4235 918 4288 ani-
971 4239 1115 4295 bertraculo
1133 4239 1196 4296 Sem
1211 4241 1307 4310 taphet
1327 4241 1457 4309 hahitare,
1481 4242 1532 4295 hoc
1552 4248 1602 4302 est,
1628 4239 1654 4294 ln
1675 4241 1758 4296 domo

128 4319 208 4375 1118111
230 4321 327 4374 'nundi
349 4329 376 4376 0²
393 4320 843 4393 ἰ1111111111111·311ΰ1111111111111111111111
860 4325 918 4381 1111·
969 4333 1049 4404 Legis
1063 4343 1089 4389 et
1102 4336 1296 4405 prophetarum
1326 4333 1471 4388 Ecclesiam
1500 4332 1588 4403 potios
1613 4334 1759 4388 adiltcare.

129 4415 209 4469 maiia
225 4411 302 4469 laciie
317 4415 449 4484 possimus
469 4415 571 4479 dicere,
587 4415 657 4486 qnod
673 4419 812 4484 tnentoria,
827 4419 917 4474 erudi·
932 4424 1053 4512 „ciram
1074 4426 1172 4494 quippe
1191 4423 1382 4494 interpretatur
1405 4423 1517 4487 calidus,
1533 4439 1584 4480 nan
1601 4424 1689 4477 solnm
1710 4424 1758 4478 lu·

129 4507 178 4568 tio,
194 4505 356 4572 intellectus,
368 4507 538 4573 examinatio,
555 4518 582 4563 et
594 4507 725 4577 judicium
742 4508 848 4564 illorum
860 4526 920 4580 quae
970 4515 1053 4582 deos,
1077 4517 1124 4572 sed
1152 4518 1235 4571 etiam
1263 4517 1405 4571 hereticos
1428 4516 1579 4585 signilleat3
1607 4514 1759 4584 passionem

128 4598 251 4668 1181111111,
267 4597 376 4668 aliaque
391 4598 433 4654 1111
453 4599 549 4654 similia
564 4589 725 4670 intelligunt.
752 4601 790 4656 lle
805 4602 920 4658 immun-
969 4612 1068 4683 qnippe
1082 4610 1193 4673 Christi,
1213 4626 1273 4680 quae
1288 4611 1360 4664 illius
1374 4609 1489 4664 lrotrrinis
1513 4608 1634 4663 nuditate
1658 4608 1760 4676 signill-

127 4689 248 4745 disnero
262 4691 435 4759 pronuntiare
458 4689 566 4746 diflicile
586 4702 638 4745 εει.
658 4692 724 4746 Ιίιιε
739 4703 827 4749 tamen
848 4695 918 4765 quod
969 4713 1027 4758 cers
1056 4713 1108 4767 est,
1134 4703 1292 4755 annuaturtiant
1320 4702 1388 4755 bene
1412 4698 1611 4770 prophetando,
1635 4709 1663 4754 et
1690 4700 1760 4756 tnale

129 4783 347 4851 eoncupiscentia
367 4791 395 4839 et
417 4784 467 4853 ira,
484 4784 591 4853 quatrdo
611 4784 691 4854 inest,
712 4788 803 4841 omnio
824 4789 920 4843 atrimae
969 4794 1074 4864 agendo
1088 4795 1266 4848 eslrooorant.
1282 4792 1413 4847 Percurre
1427 4801 1516 4845 autem
1531 4791 1625 4856 cham,
1643 4791 1758 4861 posteri·

35 4924 40 4929 .
130 4877 284 4931 necessaria
309 4875 369 4930 ista.
393 4875 545 4930 &cundum
568 4876 620 4931 boc
639 4892 712 4947 ergo,
735 4879 805 4948 quod
832 4895 919 4950 neque
971 4897 1011 4944 tas
1025 4887 1097 4942 illius
1118 4886 1268 4953 datnnatur,
1281 4887 1343 4956 quia
1362 4884 1466 4953 reprobi
1484 4883 1529 4939 laic
1542 4883 1651 4949 cuidem
1672 4884 1760 4939 delin-

125 4969 295 5039 posteritatis
307 4973 454 5036 successlo,
466 4973 524 5022 slve
536 4969 753 5037 concupiscentia
767 4981 916 5040 reparator,
970 4985 1065 5048 qount,
1079 4976 1126 5032 sed
1142 4976 1168 5031 in
1190 4979 1280 5030 lutuno
1294 4975 1493 5029 damnationem
1508 4974 1655 5042 excipiunt.
1669 4975 1721 5029 Sed
1733 4980 1762 5028 et

129 5075 216 5131 tenure
225 5060 380 5117 emendatio
391 5060 445 5114 nlla
456 5061 516 5115 slne
527 5061 566 5115 ira
580 5071 667 5129 petest
679 5076 766 5132 neque
776 5064 918 5133 disciplina
968 5067 1054 5124 ludet
1070 5067 1096 5121 in
1114 5078 1236 5136 posteros
1257 5066 1455 5121 damnationem
1476 5066 1692 5133 transmiserunt,
1719 5067 1760 5122 di·

126 5161 261 5217 constare,
276 5151 428 5206 necessarie
439 5151 623 5206 conservanda
634 5152 768 5208 dieantur.
968 5167 1061 5215 centes
1076 5173 1085 5214 c
1101 5158 1216 5227 Sonpm‘s
1225 5161 1282 5231 eyes
1291 5172 1434 5227 sapenos,
1445 5164 1470 5211 et
1479 5172 1558 5228 super
1569 5157 1638 5226 filios
1647 5168 1757 5212 amem.

163 5242 293 5312 Gephrous
309 5240 367 5295 Noc
378 5243 426 5306 nir,
440 5247 469 5295 ct
483 5241 595 5310 reliqna.
611 5242 637 5296 ld
652 5253 691 5297 est
706 5241 918 5300 Christuseser·
1277 5247 1391 5305 Cll’ll'l
1410 5247 1446 5303 Χ.

125 5347 190 5390 cere
216 5335 364 5389 Ecclesiam
392 5332 513 5388 doctriua
537 5332 602 5391 Noti
627 5335 810 5402 Testamenti,
837 5352 917 5408 quam
1004 5343 1043 5400 lie
1056 5343 1152 5413 taphet
1166 5343 1220 5397 nati
1231 5353 1293 5398 sunt
1304 5343 1351 5397 tilii
1367 5357 1414 5405 ut,
1426 5339 1553 5397 decisam
1565 5355 1629 5407 aas,
1646 5339 1758 5398 hesum

118 5426 208 5481 ‘etiam
224 5429 330 5481 citream
346 5426 485 5494 plantavit.
496 5425 566 5481 Bibit
577 5427 675 5492 ninom,
691 5428 716 5482 id
728 5439 783 5494 est,
799 5431 918 5500 comple·
967 5450 1043 5492 nnn
1060 5453 1067 5490 ε
1083 5435 1161 5490 simul
1185 5450 1276 5500 tran,
1304 5435 1339 5490 de
1363 5434 1462 5504 ouibus
1482 5443 1549 5487 orte
1575 5444 1638 5487 sunt
1664 5445 1760 5502 petates

125 5516 165 5572 tit
184 5532 265 5586 opere
292 5535 352 5589 onae
373 5520 477 5584 hostili.
493 5530 521 5575 111
544 5520 917 5594 ditllllr.Qt1⁰0oept‘lJe⁸t⁸
968 5546 1041 5587 anan
1058 5549 1065 5585 z
1080 5531 1150 5587 inter
1170 5544 1236 5600 quas
1260 5528 1331 5592 irrisit
1355 5529 1484 5584 Dominus
1505 5527 1653 5593 discipulos
1676 5541 1759 5582 castr.

127 5609 211 5675 {acere
223 5620 247 5664 rt
260 5612 361 5667 docere.
376 5612 435 5668 Scrn
448 5620 532 5666 satem
548 5621 572 5665 rt
590 5611 703 5681 tapheth
721 5615 806 5671 solem
821 5625 848 5672 st
871 5614 918 5671 ltt·
970 5625 1007 5680 hc
1018 5624 1124 5693 laphot,
1138 5622 1246 5690 Gomer,
1260 5623 1286 5677 ld
1300 5630 1343 5678 est
1352 5620 1469 5687 Galatam
1485 5622 1589 5692 llapog,
1603 5621 1629 5675 id
1641 5631 1683 5676 est
1693 5620 1762 5690 scy.

127 5714 190 5759 tram
203 5705 492 5779 sipailcant,pnltisrn
505 5708 665 5779 imponentes
685 5708 799 5766 leneas
811 5711 873 5779 mis,
888 5710 915 5767 itl
941 5788 944 5796 γ
968 5717 1039 5785 tlra3
1055 5714 1181 5783 llatham,
1194 5713 1283 5781 lledi;
1302 5711 1398 5782 laban,
1423 5713 1509 5782 lones,
1533 5712 1579 5785 qui
1601 5720 1629 5794 et
1652 5711 1760 5779 (insen
