3794 6120
127 291 194 350 1051
394 285 495 342 BEDAE
516 282 743 341 tudeutbtets
761 279 904 338 OPERUH
924 278 1012 336 PARS
1033 278 1315 337 tt-ststtettct
1335 278 1497 338 Getbtrtt.
1693 279 1766 339 {⁰53

125 408 225 462 tionsnt
241 402 394 472 aliquotres,
406 414 517 470 surgere
532 398 565 452 ad
577 399 690 470 gloriam
704 397 832 468 pertinet,
846 395 916 450 node
933 401 953 453 A
1284 401 1312 452 tv
1325 389 1434 447 scuta.

123 500 242 554 dicitur:
265 494 335 549 Olim
358 494 384 547 ia
398 493 481 546 disere
495 492 611 546 sedentes
630 490 777 559 poeniterent
798 487 874 559 (luc.
891 505 916 552 r,
1005 485 1101 542 Fallax
1121 488 1214 559 pretio,
1232 496 1257 541 et
1274 504 1340 542 uuas
1355 498 1391 543 est
1404 487 1594 556 pulchritudo:
1614 488 1713 544 mulier
1735 490 1769 544 ti·

128 588 186 655 lla),
208 585 300 650 idest,
315 582 457 647 lirrnriliati.
473 593 501 638 et
524 583 651 652 propbeta
675 598 683 637 ε
708 582 808 654 risorie
829 597 920 634 moniis
970 595 1039 635 mear
1056 579 1137 635 Deum
1152 583 1209 648 ipso
1223 580 1383 635 laudabitur.
1399 581 1491 636 Fallax
1506 590 1548 637 cst
1560 580 1649 652 parta
1664 582 1766 649 laudis,

128 691 180 731 rure
191 675 398 739 solorredeiom,
410 676 470 743 puio
482 675 678 729 comminatione
691 673 795 742 replesti
804 671 919 742 melier.
969 685 1050 741 nuans
1063 673 1098 726 ub
1110 671 1217 727 bornioe
1231 673 1350 740 accepit;
1371 686 1438 726 rana
1454 673 1625 741 pulchritudo
1646 675 1768 731 ebarita-

130 784 176 833 sr,
193 765 248 836 ll).
264 767 319 823 Sed
333 775 360 822 et
374 767 533 822 l‘salrnista:
561 765 661 820 Vanum
674 775 712 820 ert
725 765 794 819 uobis
808 776 867 818 onte
881 766 921 818 lu·
971 761 1005 817 tis
1020 764 1059 818 rel
1074 764 1238 831 operationis
1261 763 1347 830 burra,
1368 777 1448 832 oriam
1467 763 1625 819 laominibus
1649 775 1770 824 ostentat

128 878 183 918 cerro
198 879 311 932 surpere,
327 862 423 931 surpite
436 871 570 931 postpauca
583 859 709 923 sederitis,
724 859 768 927 qai
781 857 923 911 manduco·
971 856 1061 910 aniius
1074 871 1133 926 ntra
1149 859 1244 911 timore
1259 865 1333 911 caret
1355 855 1454 910 diuino.
1482 855 1517 911 At
1536 855 1583 910 illa
1601 858 1769 912 conscientia

130 956 163 1010 tls
177 973 268 1025 ponera
281 956 379 1010 doloris
391 954 502 1021 (Prata.
517 968 613 1018 cuxrt,
627 952 669 1019 2).
685 951 761 1019 Qrtod
776 961 816 1007 ert
831 958 924 1020 aperte
974 963 1039 1001 tere
1053 956 1096 1002 cst
1110 947 1189 1002 laude
1203 947 1293 1015 digna,
1308 962 1368 1016 qrrae
1388 946 1513 1001 rtrnorem
1532 946 1580 1004 bet
1600 947 1628 1002 iu
1643 949 1771 1003 omuibus

129 1048 232 1112 dicero,
256 1048 324 1114 Quid
350 1050 375 1102 in
398 1047 523 1114 possessuri
546 1047 666 1116 oriaeritis
690 1045 823 1114 patratore,
849 1043 921 1113 pirrid
973 1050 1082 1096 serrat:
1099 1042 1156 1112 ipsc
1171 1051 1212 1095 est
1226 1043 1297 1096 eninr
1311 1042 1470 1111 principium
1484 1049 1645 1097 cunctarum
1666 1053 1771 1099 custos·

131 1140 225 1195 electis
245 1141 271 1194 io
292 1140 381 1195 lutrrro
401 1139 574 1195 mersatur!
599 1137 656 1192 Non
677 1139 749 1191 enirn
770 1136 882 1204 potestis
897 1135 923 1189 io
974 1147 1026 1202 pire
1039 1135 1174 1198 virtutum,
1192 1131 1333 1197 Scriptura
1349 1131 1468 1196 dicente,
1482 1130 1574 1186 Timor
1587 1133 1772 1203 blaminipria·

134 1234 184 1287 bao
198 1233 260 1298 rita,
274 1232 300 1285 id
314 1243 366 1296 est,
382 1242 445 1286 ante
468 1232 554 1287 tnoen
579 1243 704 1299 superma
728 1227 923 1294 retributionis,
974 1225 1068 1294 ripiura
1081 1225 1214 1296 sapientior
1229 1222 1323 1294 (dccli.
1339 1240 1367 1289 ιι,
1383 1223 1447 1294 ld);
1463 1225 1615 1290 etiterum,
1636 1226 1691 1293 Qui
1705 1229 1772 1278 tanet

132 1324 245 1395 gloriam
261 1340 331 1379 uerae
353 1323 489 1380 felicitatis
510 1323 629 1377 liaberet
651 1321 715 1391 qrrla
740 1320 828 1390 potins
848 1328 925 1389 post·
976 1319 1126 1384 bantinum,
1149 1319 1215 1372 nibil
1238 1318 1342 1389 neplipit
1362 1316 1461 1386 (Eccls.
1484 1332 1532 1385 rn,
1558 1316 1617 1387 sb).
1641 1316 1712 1372 ilinc
1735 1328 1773 1372 est

134 1431 213 1486 quana
230 1418 273 1472 bic
288 1416 421 1472 humiliati
443 1416 548 1472 lueritis
562 1417 595 1470 ad
609 1424 725 1484 tempus,
750 1413 805 1469 illic
828 1427 876 1466 ros
899 1413 927 1467 in
976 1415 1047 1470 enini
1067 1415 1137 1483 ouod
1156 1415 1250 1470 bertus
1265 1413 1316 1469 lob
1333 1423 1360 1469 et
1381 1415 1406 1467 in
1427 1414 1611 1484 prosperitate
1631 1414 1773 1469 virtutitms

139 1517 299 1578 perpetuum
314 1507 446 1562 veraciter
468 1508 600 1563 exaltatos
621 1515 745 1577 sperate;
768 1519 816 1560 ros
831 1504 927 1574 auibus
978 1509 1225 1578 incomparabiliter
1240 1508 1345 1575 boruit,
1361 1519 1389 1562 et
1403 1509 1428 1562 in
1442 1506 1655 1563 adversitatibus
1670 1509 1772 1577 iasnpe·

136 1614 256 1654 amarum
270 1608 312 1655 est
322 1615 403 1655 ornne
412 1599 485 1670 quod
498 1600 589 1654 saeerrli
604 1599 767 1655 aenatoribus
780 1597 927 1667 jocundum
979 1599 1071 1654 saisitis
1083 1599 1153 1653 hosti
1166 1601 1310 1668 permansit
1323 1615 1330 1652 :
1346 1599 1410 1666 auia
1423 1601 1558 1653 ueraciter
1570 1597 1665 1654 dicere
1677 1602 1771 1669 potuit:

136 1688 244 1744 uidetur
264 1699 292 1746 et
314 1691 404 1747 dulce.
429 1694 548 1757 Sirrgunt
571 1691 636 1761 ergo
660 1691 706 1746 iiiii
728 1689 876 1754 Ecclesiae,
903 1699 929 1744 et
982 1689 1090 1760 Semper
1104 1691 1170 1743 enias
1185 1689 1259 1759 quusi
1282 1696 1404 1741 trementes
1424 1704 1501 1755 super
1521 1703 1563 1740 rae
1584 1690 1682 1758 fluctus
1704 1687 1774 1742 tiaraui

136 1777 320 1836 beatissimam
335 1796 394 1837 earo
409 1782 567 1852 praedicant,
591 1798 652 1839 crrrn
676 1781 836 1838 caelestibus
852 1781 930 1836 bonis
946 1753 968 1815 Β
983 1784 1076 1848 deum,
1088 1793 1112 1839 et
1123 1783 1222 1851 pondus
1236 1785 1293 1855 rjus
1307 1785 1373 1851 serre
1386 1797 1436 1834 noa
1455 1783 1528 1853 porat
1542 1779 1617 1854 (Iob,
1631 1796 1707 1846 xssr,
1720 1782 1773 1849 25).

139 1870 286 1938 sublimati,
308 1882 411 1942 quanta
436 1873 473 1929 sit
495 1872 568 1929 illios
591 1873 684 1942 patriae
709 1875 832 1940 lacatitas,
854 1872 931 1941 cuius
984 1875 1075 1930 Fallax
1091 1890 1155 1943 erpo
1174 1873 1360 1929 simulatorum
1380 1872 1477 1943 pratia,
1493 1888 1580 1928 uanos
1590 1871 1678 1930 decor
1691 1874 1775 1943 apris

141 1962 287 2031 participes
301 1978 361 2020 esse
375 1973 541 2033 merrrerant,
554 1964 699 2035 aspiciunt,
714 1974 742 2020 et
758 1965 827 2021 banc
841 1964 931 2020 debita
982 1967 1135 2021 stultonrm.
1160 1964 1278 2021 Ecclesia
1301 1973 1463 2032 autemnon
1478 1962 1504 2017 in
1522 1963 1623 2019 timore
1648 1961 1775 2019 incolatus

141 2051 295 2108 laudatione
320 2054 347 2108 in
369 2056 459 2110 diuina
479 2055 584 2111 risione
605 2056 804 2111 concelebrant.
830 2054 933 2110 Laudat
983 2057 1025 2113 sni
1051 2067 1173 2127 ternpore
1195 2064 1380 2118 coarmatus,
1409 2054 1538 2124 ursoniam
1552 2053 1680 2109 ardentes
1694 2054 1776 2108 rirnr·

140 2141 181 2196 uir
197 2143 290 2211 ipsius,
302 2158 363 2200 curu
377 2145 447 2202 brim
468 2161 528 2217 qrrte
551 2147 608 2218 ipsu
627 2146 736 2201 donarit
761 2155 932 2201 remunerat.
986 2160 1041 2203 turn
1057 2148 1193 2216 lampadas
1207 2145 1324 2202 replenti
1337 2143 1370 2200 ad
1383 2144 1513 2214 judicium
1528 2145 1635 2213 δροιιο
1652 2160 1703 2200 suo
1728 2148 1776 2199 ul-

140 2234 244 2301 Qnibns
271 2247 360 2291 aarum
389 2238 478 2294 rerbis
507 2253 569 2294 earn
595 2237 708 2305 laudnt,
736 2247 935 2309 consequenter
971 2236 1710 2311 ·lcret,1ureabeolaudata,ianuarnrepaiooelestis
1739 2240 1778 2291 ia-

141 2327 301 2394 ostenditur,
317 2344 378 2384 curo
391 2329 506 2385 dicitur:
987 2333 1076 2389 trabit.
1100 2331 1219 2399 Qualiter
1243 2337 1334 2385 autern
1355 2342 1417 2384 earu
1429 2328 1532 2397 laniet,
1548 2328 1685 2386 terminali
1700 2345 1778 2384 rersu

470 2434 491 2479 't
511 2420 629 2475 uusctt.
986 2424 1108 2480 ducetur.

179 2508 271 2565 llulttc
279 2511 342 2576 pite
352 2522 565 2583 corrprepuoeruot
575 2512 687 2577 diuitias,
699 2520 725 2564 tu
735 2527 898 2578 superponito
908 2526 936 2564 er
1324 2517 1346 2566 l'l
1362 2511 1446 2570 stu.

141 2603 286 2659 traicerent.
302 2602 399 2659 llultas
414 2604 483 2658 litias
498 2603 636 2659 Ecclesias
650 2603 717 2659 dicit
729 2603 934 2667 baereticorum,
1023 2603 1248 2676 lluteeidesruetu
1263 2619 1386 2658 manuum
1400 2619 1516 2670 rumam,
1527 2612 1551 2658 et
1564 2603 1673 2658 laudent
1684 2621 1745 2659 eaor
1757 2605 1783 2658 iu

144 2705 171 2750 et
186 2695 316 2749 mulorum
331 2694 423 2749 turbas
437 2694 640 2750 catholicorum.
655 2694 721 2762 Quae
737 2693 799 2749 titia
811 2694 936 2748 dicuntur
987 2698 1067 2768 portis
1087 2712 1165 2768 opere
1184 2701 1251 2768 ejus.
1276 2696 1338 2751 llaec
1356 2704 1420 2751 suat
1437 2696 1509 2752 enlm
1529 2695 1610 2749 rerba
1627 2695 1679 2749 riri
1700 2695 1781 2758 illius,

143 2788 187 2844 rel
202 2786 301 2842 Christi
316 2787 357 2842 rel
372 2787 512 2849 Ecclesia.
523 2786 584 2856 quia
600 2787 680 2842 etiarn
696 2786 761 2854 ipsae
773 2793 835 2840 surrt
849 2785 936 2841 dorni·
987 2788 1023 2844 de
1037 2803 1089 2856 ouo
1102 2788 1202 2843 dicturo
1227 2795 1285 2852 est,
1306 2785 1351 2840 Vir
1371 2789 1431 2858 ejas
1451 2784 1564 2840 bamur
1588 2801 1660 2849 esar,
1683 2785 1711 2842 id
1731 2796 1782 2855 est,

146 2875 214 2932 uicis
235 2887 336 2931 renatae
358 2876 545 2942 sacramentis,
566 2887 593 2931 et
616 2876 788 2945 adoptionem
809 2876 936 2941 liliorum,
991 2881 1094 2936 Domini
1119 2888 1148 2936 et
1171 2879 1320 2937 saluatoris
1345 2879 1446 2945 nostri,
1482 2879 1528 2951 poi
1550 2880 1658 2950 augelis
1682 2880 1710 2936 in
1734 2880 1783 2936 line

144 2981 224 3037 quam
243 2981 295 3021 non
310 2967 473 3032 custodiere,
489 2977 681 3036 perceperunt;
699 2967 768 3020 irride
781 2976 809 3021 et
819 2966 937 3022 inanires
990 2982 1173 3046 preceptoras
1191 2982 1243 3038 est,
1257 2981 1286 3026 ut
1311 2970 1457 3027 Ecclesiam
1477 2978 1539 3039 past
1555 2968 1639 3040 liujus
1653 2972 1716 3025 rit-u
1729 2986 1784 3027 cer·

146 3058 843 3129 ait.lleanticameram,sednorreronteaaobiril
856 3059 936 3117 iona.
950 3105 976 3171 c
991 3069 1092 3128 mineo,
1128 3069 1188 3130 post
1212 3059 1410 3116 triturationem
1437 3058 1673 3130 articulosaque
1705 3069 1783 3116 terre·

146 3164 177 3216 ιι,
194 3150 248 3218 lb).
261 3151 326 3218 Quae
340 3160 570 3221 congregaverunt
584 3150 701 3214 diritius,
718 3150 839 3206 uidelicet
855 3153 939 3208 bono·
990 3155 1098 3219 strium,
1120 3153 1153 3209 ad
1174 3151 1296 3209 caelestis
1320 3152 1395 3222 repni
1419 3151 1516 3221 gaudia
1541 3151 1738 3221 introducant,
1756 3166 1785 3209 ac

148 3255 207 3295 runi
223 3254 344 3308 osterum,
360 3242 507 3308 orationes,
528 3242 641 3312 jejunia,
658 3244 855 3314 eleemosynas,
870 3244 940 3298 alili·
990 3246 1054 3299 ritae
1074 3243 1235 3298 immortalis
1248 3242 1300 3304 ¹sibi
1314 3242 1417 3299 soctan
1440 3251 1613 3313 aggregem
1632 3240 1711 3313 justa
1725 3243 1787 3298 iliad

151 3332 281 3398 ctionem,
297 3341 324 3384 et
339 3330 523 3386 castimoniam
539 3333 627 3387 carnis
649 3349 656 3386 ε
677 3332 868 3388 continentiam
883 3331 941 3387 lin·
990 3334 1185 3406 evangelicum,
1202 3332 1327 3388 Tuticum
1349 3342 1441 3389 autem
1460 3343 1620 3405 conprepote
1633 3334 1661 3387 ira
1673 3332 1785 3389 Ιιιπιιιι

149 3435 218 3490 goa,
236 3419 436 3476 meditationem
449 3420 658 3490 scripturarum,
681 3431 708 3477 ct
728 3433 823 3478 caetera
847 3422 940 3492 buius·
991 3441 1075 3479 arerem
1090 3424 1197 3495 (Hortis.
1215 3422 1349 3493 ιιιι,5θ).
1376 3423 1450 3488 Date,
1474 3422 1576 3493 inarsit,
1598 3423 1678 3478 eide
1706 3426 1784 3495 patr

150 3511 234 3576 misdi,
246 3526 307 3580 qna
320 3526 392 3567 uerte
406 3520 470 3567 sunt
482 3511 583 3566 diuitiae
602 3513 721 3580 spiritus,
743 3512 787 3568 ubi
806 3527 870 3583 pura
885 3512 941 3568 sin·
991 3532 1112 3570 aranuura
1122 3531 1243 3582 ruorura‚·
1259 3516 1321 3585 piria
1336 3515 1450 3570 lructunr
1464 3515 1580 3584 spiritus
1592 3513 1666 3571 ierre
1676 3515 1783 3581 curarit,

148 3601 259 3658 certine
281 3601 378 3657 incutis
401 3616 547 3673 personum
571 3602 613 3658 ubi
633 3613 722 3658 autera
737 3603 796 3659 sine
816 3603 869 3659 lide
881 3619 941 3673 pute
991 3606 1159 3670 elraritstem,
1172 3606 1312 3677 gaudium,
1327 3620 1431 3676 pacem,
1455 3605 1667 3676 benignitatem,
1684 3605 1781 3663 boniu-

151 3706 199 3761 pcr
212 3691 382 3749 dilectionem
395 3705 532 3762 operatur,
547 3693 623 3758 bont,
639 3694 705 3749 nibil
722 3695 862 3765 agentibus
876 3710 941 3764 pro·
992 3707 1057 3765 teni,
1073 3697 1245 3763 modestiam,
1270 3693 1475 3764 continentiam,
1500 3697 1597 3765 iidem,
1625 3698 1777 3769 patientias.

151 3792 226 3837 sunt.
240 3780 292 3837 Sed
307 3789 335 3837 et
350 3782 574 3839 tttattttatmsna
585 3785 940 3856 congregareruntdiuitias,
992 3789 1046 3844 Pro
1059 3788 1111 3844 boc
1123 3787 1162 3843 illi
1174 3787 1293 3844 debitara
1307 3786 1448 3858 rependite
1461 3788 1630 3853 meroedem,
1644 3796 1675 3845 et
1687 3786 1777 3844 laudat

151 3873 294 3942 dequibus
308 3874 437 3931 Dominus
451 3875 498 3945 ait,
513 3874 591 3931 llulti
605 3878 689 3931 dierat
704 3877 768 3931 milri
781 3878 808 3932 ia
821 3877 868 3933 illo
883 3879 942 3934 die:
992 3894 1053 3935 eaor
1076 3879 1103 3934 io
1128 3878 1224 3948 portis,
1245 3879 1297 3935 boc
1313 3888 1357 3935 est
1378 3877 1406 3934 in
1423 3878 1529 3950 judicio
1548 3878 1608 3936 sire
1627 3878 1658 3935 io
1672 3880 1774 3952 inpressu

150 3963 271 4036 Dandae,
283 3963 401 4030 Domine,
417 3983 502 4021 aenae
518 3968 545 4021 in
560 3967 663 4022 noarirre
678 3977 721 4022 tuo
735 3970 942 4039 proplietouiarus
993 3972 1086 4045 patriae
1100 3972 1230 4038 contestis,
1245 3987 1299 4028 nos
1323 3970 1462 4028 bominum
1484 3971 1596 4030 latores
1622 3973 1776 4047 superatori.

149 4065 173 4110 et
192 4055 218 4110 ia
239 4056 340 4110 aoariae
359 4065 403 4111 tuo
423 4056 551 4112 damonia
572 4057 704 4129 ejecimus,
724 4057 751 4111 iu
774 4057 876 4111 aonrr‘rre
898 4067 942 4113 tuo
993 4067 1041 4122 sed
1055 4081 1136 4137 opert
1160 4066 1217 4136 ipss
1231 4080 1292 4136 qrras
1310 4064 1383 4133 lecit,
1407 4062 1596 4133 examinante,
1614 4066 1773 4137 probrosa

149 4151 254 4202 uirtutes
275 4149 368 4203 multus
383 4150 507 4220 feriatus?
523 4159 546 4204 et
565 4160 624 4203 tuac
643 4150 781 4213 rorrfiteior
800 4150 864 4220 iltis,
882 4155 943 4222 puio
994 4166 1184 4213 remunerante
1193 4156 1250 4224 itta,
1264 4155 1341 4227 cujus
1356 4157 1414 4214 litec
1427 4157 1552 4216 donante
1564 4158 1655 4229 ansis
1670 4154 1773 4230 petierit.

150 4256 282 4311 nunquam
306 4242 364 4295 noui
377 4257 421 4296 uer
444 4239 551 4311 (bottis.
567 4256 614 4309 ru,
628 4239 673 4299 ts.
688 4239 747 4312 ιδ).
772 4241 825 4299 Sed
847 4256 944 4298 omnes
993 4262 1075 4315 aquo
1088 4258 1116 4301 ut
1130 4246 1232 4301 laudari
1247 4262 1399 4303 rnersamur
1419 4247 1447 4303 ia
1469 4249 1575 4314 inituro,
1591 4250 1775 4317 concedatipsr

151 4328 301 4385 istiusmodi
328 4329 395 4386 illias
422 4329 540 4385 Ecclesia
569 4330 702 4386 cattndica
729 4332 940 4402 supergreditur,
995 4340 1126 4410 propitius
1139 4356 1187 4394 iios
1199 4356 1260 4395 euro
1273 4343 1361 4412 dignis
1380 4343 1547 4413 inpraesenti
1565 4345 1623 4399 rita
1641 4344 1774 4401 saturare

151 4436 211 4492 qua
228 4422 280 4479 ilde
295 4435 379 4493 casta,
396 4431 424 4479 et
438 4439 520 4496 opere
542 4424 673 4495 perlecta,
689 4423 876 4493 liedenrptoris
897 4424 939 4480 sui
955 4434 1123 4527 Dassaretis.
1139 4434 1238 4489 Aniena.

152 4513 263 4584 uestigia
279 4526 406 4571 sectatur.

276 4776 378 4924 IN
418 4775 1006 4927 PROVERBIA
1050 4664 1775 4935 SALOMOtiff

352 5040 681 5123 ALLEGORICAE
708 5039 1217 5120 INTERPRETATIONIS
1242 5040 1582 5134 FRAGMENTA,

713 5219 744 5261 ttt
767 5218 907 5271 uttrtpbo
927 5218 1041 5262 00chss
1064 5219 1222 5262 nurture.

855 5342 1086 5360 ...fi-—

345 5469 370 5508 tu
389 5468 473 5510 eaeor
492 5467 527 5508 un
546 5467 758 5509 ruorsnstonuu.
997 5464 1066 5504 arae
1080 5448 1153 5519 soria,
1174 5463 1241 5502 auae
1254 5447 1280 5502 ia
1297 5448 1397 5517 plateis,
1418 5464 1489 5503 auae
1502 5450 1588 5522 juro
1608 5454 1716 5522 mnata
1731 5451 1782 5510 iari-

188 5546 223 5602 lit
241 5563 298 5604 ecce
311 5547 403 5604 ander
418 5550 528 5601 coemit
542 5546 583 5601 illi
600 5555 695 5601 ornatu
713 5544 864 5610 amatricis,
880 5558 947 5615 prrs-
997 5543 1082 5597 dions.
1103 5541 1196 5598 Omnis
1213 5542 1311 5611 quippe
1332 5543 1476 5599 haereticus
1495 5546 1574 5601 virili
1593 5562 1677 5605 sensu
1690 5560 1781 5611 αιιιιι,

156 5648 245 5703 Wotr
258 5642 292 5695 at
311 5643 451 5712 capiendos
469 5643 580 5710 animos,
596 5639 704 5712 parreia
723 5649 747 5694 et
766 5638 945 5709 commoriaris
995 5637 1048 5693 rite
1069 5637 1166 5693 muller
1186 5636 1350 5705 appellatam
1373 5636 1419 5706 oui
1441 5652 1504 5695 cota
1529 5654 1678 5699 mones
1700 5641 1784 5714 pilius

156 5727 299 5798 iuratam,
315 5749 360 5787 aec
380 5734 466 5790 natm
480 5735 506 5788 t'u
521 5735 598 5789 doruo
610 5732 746 5787 corrsirtere
757 5729 864 5799 pedibus
878 5729 942 5796 ruis,
996 5730 1117 5800 prolerre
1135 5729 1257 5797 studeat,
1280 5729 1362 5801 liniret
1382 5732 1446 5801 puis
1465 5732 1627 5791 meretricio
1641 5733 1716 5793 epten
1732 5742 1783 5787 sese
