3794 6120
209 258 259 342 'ru

442 288 545 342 tttiiiAE
568 286 797 342 t'tuuuuuttis
817 284 957 343 oriiuiiii
982 283 1122 340 culisti.
1144 312 1177 323 -
1198 279 1395 337 Exettertcu
1416 277 1581 334 Gb'Nlile.

1787 281 1840 336 li!

208 399 316 461 ‹irir:·iu;
335 413 394 450 nam
406 398 427 449 si
442 397 473 449 ad
487 394 587 462 «imnis,
602 412 653 450 non
668 395 721 466 jam
735 407 864 453 senectus
879 398 941 463 risi,
955 398 999 450 sed
1017 407 1037 458 ,t
1054 395 1156 448 cenabo
1168 408 1225 447 cum
1241 391 1298 458 iilo,
1309 397 1334 448 ιι
1357 391 1522 460 ipsemecum
1537 386 1629 458 (spor.
1656 401 1695 455 tu,
1716 389 1772 460 20).
1789 392 1845 459 iiie,

207 491 324 543 cabrer
336 497 377 541 est
393 488 502 540 mortui.

250 579 312 644 Quis
326 577 383 631 risit
397 576 494 631 occulte
507 577 594 630 dicens
608 594 618 632 .·
635 575 773 649 Postquam
798 580 871 634 senui
885 589 908 632 ιι
920 579 1003 632 domi·

207 691 254 727 ruite
283 688 354 726 nicus
379 672 479 725 uetuisse
493 680 540 734 esi,
555 672 677 738 uoluptati
701 688 805 740 operum
819 673 903 726 doiol
918 671 1002 742 liujus

207 763 350 818 sententias
375 763 496 818 meminit
510 763 646 830 apostolus
666 763 772 829 Petrus,
790 778 851 817 cum
877 763 1002 817 mulieres

211 853 276 906 uiris
291 853 345 905 suis
354 852 538 920 oiitemperure
546 851 692 909 admonens
700 851 796 922 adjecit
809 869 816 905 ε
827 861 840 888 ¹¹
850 851 923 908 Sicut
934 850 1003 907 Suro

208 942 343 1019 obedirent
357 942 476 1008 dir-ebor,
487 943 617 996 dominum
629 958 687 997 eum
699 959 800 999 uocaus.
823 941 933 998 Videtur
952 957 1001 995 au·

207 1044 260 1088 tem
277 1034 366 1089 simile
382 1033 442 1087 bnis
456 1033 517 1088 loeo
531 1033 602 1102 quod
623 1048 704 1103 supra
730 1033 763 1090 de
783 1033 918 1089 Aisrubam
935 1033 999 1102 legi·

209 1138 261 1188 tur,
282 1125 342 1194 quia
354 1123 445 1177 auditu
459 1123 532 1178 Sara
556 1133 643 1191 partu,
660 1122 791 1178 ceciderit
816 1125 840 1178 iu
853 1123 960 1188 iaciens,
976 1131 1002 1176 et

208 1214 299 1270 riserit
325 1215 350 1266 in
375 1213 455 1267 corde
483 1226 532 1265 sno
559 1212 651 1267 dicens
681 1230 687 1265 :
717 1211 832 1267 Putasne
857 1213 1002 1266 centrum-io

207 1321 327 1381 ¹atttscrtar
337 1309 415 1377 lilius,
432 1316 454 1361 et
468 1306 537 1362 Suro
547 1306 719 1377 nonupenerie
732 1307 832 1374 periet?
846 1305 1001 1374 addiditque

210 1402 301 1454 diceus
325 1400 357 1453 ad
385 1400 467 1452 benun
483 1416 489 1449 :
508 1396 613 1451 Utinam
642 1395 740 1450 lsnroel
762 1397 827 1449 uiuat
852 1412 938 1449 rorem
962 1395 1002 1450 tri

209 1508 303 1547 renim
315 1491 375 1560 qnia
390 1490 533 1558 Apostolus
547 1488 611 1543 dicit
625 1487 696 1556 quod
707 1487 841 1543 Abrabam
855 1502 907 1542 non
920 1488 1000 1542 basi·

207 1583 305 1637 usserit
328 1580 487 1648 diiddentia,
512 1579 605 1636 Seram
630 1593 694 1633 tero
718 1579 868 1646 lucesitassc,
883 1593 1001 1648 septiens

209 1672 315 1729 Domini
330 1685 421 1726 sermo
436 1670 602 1734 manifestat,
618 1668 732 1724 dicentis
746 1669 778 1723 ad
790 1667 944 1723 Abrabam:

1056 485 1081 538 id
1098 491 1149 548 est,
1166 484 1358 552 protoplastus,
1380 480 1425 548 qui
1455 478 1564 533 uetitum
1593 479 1719 545 eomedit,
1746 491 1774 535 et
1800 496 1847 537 eas

1054 590 1121 644 rprias
1136 576 1316 643 inpraesentia
1331 571 1436 625 bomini
1453 571 1663 639 angelorumque
1677 569 1735 639 ejtrs
1746 571 1847 631 babere

1058 679 1200 737 perpetuas
1217 674 1319 734 poterat
1330 667 1440 719 delicias
1454 663 1553 728 omisit,
1574 664 1637 717 loris
1651 664 1731 718 etiarn
1746 680 1760 719 a
1774 667 1847 737 liguo

1054 759 1117 810 vitae
1133 755 1274 809 visibiliter
1296 756 1431 821 exclusus,
1458 765 1487 809 ui
1512 765 1636 825 patenter
1658 759 1847 817 ostenderetur

1054 846 1123 916 qttnd
1140 845 1279 914 sapientia
1293 845 1406 898 lrttcinm
1433 845 1671 913 incorruptibilem,
1687 864 1740 918 quo
1753 850 1848 908 inrisi-

1055 938 1141 990 biliter
1156 937 1208 990 lrui
1224 937 1337 999 solebat,
1350 937 1475 1004 perdidit.
1489 937 1590 1006 thtiia
1606 938 1698 993 beatus
1711 942 1844 1000 Abrabam

1053 1033 1148 1085 nrerito
1162 1031 1211 1099 pire
1227 1030 1377 1085 deuotionis
1390 1030 1444 1098 jam
1458 1031 1573 1084 iunctum
1588 1033 1761 1099 sapientiaet
1771 1037 1844 1103 sita,

1052 1137 1112 1192 rpuae
1127 1120 1250 1176 Cluistus
1263 1133 1314 1187 est,
1329 1120 1523 1189 aliquantisper
1534 1131 1697 1190 gnsmrerat,
1710 1127 1845 1183 reciesub

1052 1214 1149 1268 arbore
1173 1216 1324 1268 consistens
1353 1212 1493 1266 bontiuurn
1517 1212 1616 1268 uidisse
1638 1227 1669 1268 ac
1692 1219 1845 1286 suscepisse

1054 1315 1186 1358 tiarratnr.
1203 1301 1259 1357 illic
1273 1301 1337 1366 Era,
1355 1302 1448 1356 relicto
1477 1303 1576 1358 timore
1599 1303 1701 1370 divino,
1722 1306 1847 1375 neglecto

1052 1395 1101 1448 riri
1115 1393 1240 1456 consilio,
1261 1391 1376 1446 accessit
1399 1395 1542 1448 tenueratis
1568 1394 1601 1447 ad
1629 1406 1795 1465 serpentem,
1817 1399 1845 1453 in

1052 1501 1103 1552 nuo
1118 1484 1238 1539 diabolus
1250 1483 1417 1553 loquebatur,
1431 1499 1444 1536 a
1461 1499 1513 1553 puri
1524 1485 1631 1539 seducta
1651 1485 1684 1540 ad
1695 1487 1844 1543 corneden·

1051 1572 1113 1626 dunt
1131 1573 1221 1637 vetita,
1238 1573 1322 1626 tirum
1339 1587 1445 1640 quoque
1459 1587 1516 1627 stiae
1531 1574 1844 1642 praeuaricationiseom·

1052 1662 1147 1731 plicent
1159 1662 1237 1728 iecit;
1249 1670 1359 1732 propter
1373 1663 1446 1733 quod
1457 1672 1484 1719 ei
1497 1665 1575 1734 justae
1589 1665 1770 1721 damnationis
1783 1683 1844 1722 cuna

246 1763 332 1831 Quare
350 1763 407 1817 rtrir
430 1759 498 1816 sore
519 1760 628 1813 lirare:
645 1758 716 1813 Nam
740 1775 795 1814 rere
810 1761 926 1830 parturire
941 1775 997 1813 epm
1014 1759 1037 1818 Β
1052 1752 1109 1806 siro
1124 1762 1232 1822 accepta
1253 1754 1385 1808 sententia
1410 1752 1511 1808 audiuit
1536 1753 1606 1809 iuter
1622 1754 1673 1809 alia
1689 1773 1695 1808 ε
1710 1753 1845 1812 indolere

211 1855 294 1907 uirus?
304 1852 397 1907 Restat
409 1851 518 1920 intelligi
531 1850 600 1920 quod
613 1851 705 1905 audito
719 1851 780 1919 quia
799 1851 864 1905 Sara
882 1854 998 1919 paritura

209 1955 280 1999 esset
296 1943 390 2008 blium,
405 1953 432 1998 et
456 1941 590 1996 Abrabam
610 1942 683 2012 prius
710 1941 801 1995 riserit
814 1941 950 1995 admirans
972 1938 999 1995 in

210 2038 317 2107 gaudio,
334 2045 360 2089 et
374 2036 429 2104 ipsa
442 2035 507 2090 Sara
523 2034 694 2104 postmodum
710 2032 835 2088 dubitans
850 2034 875 2088 in
887 2034 999 2104 gundio;

208 2126 284 2195 citios
298 2136 386 2194 tumen
400 2123 534 2187 dubietas,
547 2123 686 2190 continuo,
706 2122 767 2177 datu
783 2124 888 2178 ratione
904 2123 1000 2180 diuinas

207 2218 347 2287 potentiae,
358 2216 444 2269 ablata
460 2224 512 2281 est,
528 2213 636 2268 dicente
650 2214 682 2267 ad
698 2228 758 2268 eum
774 2213 889 2284 angeio:

245 2306 369 2376 Numquid
391 2304 444 2359 Deo
467 2312 504 2358 est
524 2303 662 2374 quidquem
685 2302 808 2372 difficile?
831 2300 912 2357 laeta
936 2319 999 2359 con·

207 2398 304 2450 dietam
315 2408 425 2450 senator
437 2395 471 2448 oti
483 2406 516 2462 tr,
529 2393 621 2449 ltocest
635 2395 723 2449 codem
739 2405 859 2466 tempore,
881 2397 934 2450 uite
955 2412 1000 2450 co·

210 2490 280 2555 ruite,
300 2487 351 2542 brt
365 2488 463 2542 imbelli
478 2488 546 2541 Sara
567 2487 661 2556 filium.
677 2486 733 2554 Qua
749 2487 840 2541 audita
855 2488 999 2556 sententia,

209 2578 277 2632 aden
292 2577 428 2632 dubietate
442 2578 513 2631 orsini
530 2588 642 2642 retnota,
664 2575 689 2630 in
712 2576 764 2630 ride
777 2575 935 2632 condrumts
946 2586 997 2644 est,

1050 1846 1214 1915 puricellius
1238 1844 1344 1918 (Grues.
1360 1862 1400 1912 tu,
1415 1847 1479 1918 tii);
1498 1849 1666 1918 primumque
1681 1850 1745 1904 Cain
1759 1849 1843 1905 biinm

1051 1935 1245 1990 meledictionis
1258 1945 1286 1992 et
1300 1936 1462 1992 iratricidunr
1481 1937 1580 2008 genuit.
1599 1938 1646 1992 ilie
1660 1938 1730 1993 Sara
1745 1935 1760 1976 ι
1775 1939 1841 1993 sub·

1051 2028 1106 2083 dita
1132 2029 1221 2085 timori
1237 2030 1340 2098 divino,
1357 2030 1436 2087 simul
1460 2041 1486 2086 et
1513 2030 1665 2099 religiosam
1686 2029 1737 2086 riri
1762 2031 1843 2086 iidem

1050 2126 1132 2188 atque
1142 2121 1328 2190 operationem
1338 2130 1441 2187 secuta,
1455 2128 1602 2191 apparente
1616 2120 1738 2188 bomine,
1749 2136 1844 2192 exspe-

1050 2208 1140 2262 ctabat
1152 2208 1208 2278 ipsa
1222 2208 1294 2263 domi
1309 2209 1396 2265 donec
1407 2210 1448 2264 sir
1460 2221 1626 2277 occurreret,
1640 2220 1668 2265 et
1678 2226 1738 2278 oute
1752 2221 1844 2268 essent

1051 2301 1153 2370 agenda
1165 2300 1298 2369 disceret;
1317 2302 1364 2357 sed
1377 2311 1406 2358 et
1429 2303 1516 2374 epuiis
1536 2303 1562 2359 in
1578 2307 1776 2374 susceptionem
1792 2305 1845 2360 lio·

1051 2393 1117 2448 mini
1134 2394 1302 2463 praeparatis,
1314 2393 1489 2449 nibilominus
1505 2396 1561 2465 ipsa
1583 2410 1613 2451 se
1626 2395 1699 2451 domi
1715 2411 1845 2452 uerecun-

1050 2483 1111 2539 data
1125 2482 1246 2550 retinuit,
1262 2499 1294 2540 sc
1308 2486 1394 2539 uirum
1408 2501 1486 2541 suurn
1501 2501 1562 2541 eum
1577 2486 1616 2542 eis
1629 2487 1726 2559 praeire
1737 2487 1772 2542 ad
1792 2488 1844 2541 iio·

1051 2576 1153 2629 minum
1165 2576 1244 2645 eique
1258 2590 1370 2630 munera
1392 2592 1449 2632 suae
1459 2578 1610 2633 deuotionis
1624 2578 1704 2634 simul
1723 2588 1751 2635 et
1762 2580 1844 2648 ipsius

210 2677 237 2721 ut
253 2667 347 2722 nuerito
359 2668 393 2722 de
409 2666 453 2720 iiia
465 2665 536 2721 dicat
556 2665 701 2736 Apostolus
715 2683 722 2720 :
738 2662 806 2720 Fide
824 2676 847 2719 rt
860 2666 916 2737 ipsu
930 2665 1000 2722 Sero
1051 2665 1149 2721 oderre
1162 2665 1306 2736 gaudebat.
1316 2667 1487 2736 Quapropter
1501 2669 1581 2725 ambo
1597 2671 1842 2726 remunerationem

205 2761 323 2814 uirtutem
343 2760 441 2830 occepit
466 2759 501 2811 ari
521 2758 680 2812 emissionem
690 2757 805 2812 scrutinis.
822 2758 897 2823 Quod
912 2769 1000 2814 autern
1051 2757 1092 2812 sui
1108 2757 1229 2813 beneficii
1244 2761 1375 2829 promissa
1391 2759 1485 2815 sobole
1505 2771 1699 2833 perceperunt;
1715 2778 1764 2818 nee
1777 2778 1843 2834 qua·

207 2852 273 2906 dicit
285 2858 398 2904 reuertar
413 2854 446 2903 cd
460 2856 494 2914 tr,
517 2856 544 2903 et
562 2847 682 2917 adiunxit
705 2847 757 2901 uita
771 2848 873 2912 comite,
885 2848 1001 2904 bumano
1052 2848 1117 2905 libet
1139 2850 1243 2918 sobole,
1264 2851 1312 2906 sed
1338 2851 1382 2906 iiia
1407 2853 1498 2923 utique
1511 2854 1537 2909 in
1552 2870 1604 2925 qua
1617 2855 1842 2912 benedicerentur

208 2942 314 3009 nnidetn
327 2955 400 2995 tutore
421 2939 547 3010 loquitur,
565 2937 640 3008 qtrasi
655 2936 757 2992 diceret
773 2954 779 2989 :
795 2934 824 2991 st
838 2937 892 2991 rita
908 2951 1001 2992 comes
1051 2955 1146 2999 omnes
1156 2952 1259 3012 gentes.
1277 2944 1431 3012 dimedio,
1448 2945 1485 3001 ibi
1508 2947 1579 3002 euim
1606 2956 1696 3003 reattts
1712 2951 1842 3020 praeuari-

209 3033 298 3089 iuerit.
313 3031 366 3088 Sed
380 3030 460 3084 altius
481 3029 684 3096 intelligendum
705 3027 775 3097 quod
791 3028 877 3099 angeli
893 3043 1015 3099 semper·
1051 3033 1166 3090 cationis
1187 3035 1214 3090 iu
1227 3038 1315 3105 primo
1327 3038 1411 3094 uttan
1426 3039 1516 3096 debita
1532 3040 1631 3096 ultione
1656 3040 1842 3111 plecteburnr;

210 3125 264 3178 uita
279 3123 378 3177 comite
393 3123 450 3175 siun
466 3120 493 3175 in
507 3120 584 3175 eoelis
595 3127 799 3185 conversentur,
810 3133 858 3174 seu
869 3117 902 3172 ad
916 3127 1000 3173 terras
1014 3103 1038 3167 C
1054 3124 1098 3180 trie
1125 3135 1230 3193 ternpus
1254 3126 1449 3195 redemptionis
1474 3143 1522 3197 per
1547 3131 1693 3185 seeundum
1717 3135 1801 3186 edam
1816 3144 1844 3188 et

204 3211 384 3277 descendant,
410 3210 455 3264 illa
478 3211 571 3279 utique
593 3208 645 3263 sira
658 3223 717 3279 quse
733 3209 796 3264 dicit
811 3208 911 3265 :Sicut
932 3209 1000 3263 euim
1052 3215 1249 3287 praesagabatur
1264 3216 1380 3273 intusum
1396 3227 1423 3272 et
1437 3220 1590 3288 parabatur.
1608 3221 1756 3292 Sequitur:

210 3303 290 3359 Pater
302 3301 377 3356 bobii
388 3302 464 3355 uituru
479 3301 505 3354 itt
520 3301 665 3367 semetipso,
675 3300 710 3354 sie
725 3301 828 3354 delitet
843 3298 868 3353 F
869 3301 914 3355 iiio
923 3302 1000 3353 uitam
1088 3305 1176 3362 witer
1187 3311 1358 3362 surrexissent
1368 3324 1427 3380 erpo
1438 3309 1496 3363 inde
1510 3311 1569 3376 oiri,
1593 3313 1742 3367 direxerunt
1756 3316 1844 3368 oculos

210 3394 304 3448 bebere
316 3394 342 3446 iu
354 3394 504 3462 semetipso:
514 3391 590 3462 cuiuis
603 3391 725 3447 uidelicet
735 3392 797 3446 vite
808 3392 911 3447 risione
920 3402 1001 3462 atque
1050 3407 1138 3453 rostro
1150 3397 1301 3468 Sodomam,
1313 3406 1336 3451 ιι
1350 3398 1478 3452 dirutum
1494 3401 1571 3454 simul
1580 3403 1747 3472 prolicietur
1760 3405 1844 3460 errr-

210 3485 388 3540 iiiustrusionc
403 3493 430 3539 et
445 3481 532 3552 arrgeii
544 3492 572 3538 et
584 3481 706 3538 homines
720 3485 804 3539 sancti
822 3483 889 3539 bunt
901 3497 998 3553 perpe·
1050 3503 1109 3543 reor
1124 3503 1177 3543 ros.
1199 3486 1266 3543 Cum
1282 3490 1431 3546 surrexisse
1453 3489 1577 3546 dicantur
1597 3492 1660 3547 inde
1677 3493 1739 3561 riri,
1756 3506 1843 3551 osten·

206 3589 257 3634 tuo
285 3576 365 3633 beati.
390 3577 593 3645 comparandus
618 3590 683 3632 sane
706 3578 810 3632 ridetur
833 3576 877 3632 bie
893 3577 999 3632 iocusa
1050 3580 1121 3635 ditur
1134 3581 1203 3651 quod
1217 3578 1225 3618 ¹
1239 3581 1397 3636 sedentibus
1412 3583 1452 3635 eis
1464 3591 1555 3636 astans
1571 3584 1743 3639 ministrabat
1755 3588 1842 3641 uibra-

213 3670 348 3723 cnntiario
359 3664 436 3721 iactis
449 3667 622 3737 protoplasti;
637 3666 682 3723 iiie
704 3669 806 3724 etenim
820 3676 881 3738 post
896 3677 998 3724 reatum
1051 3673 1127 3739 bam,
1143 3672 1266 3742 quamuis
1277 3673 1364 3740 primo
1378 3683 1480 3728 stantes
1495 3672 1600 3729 uiderit.
1620 3673 1779 3730 direxerunt
1792 3693 1839 3731 au·

211 3758 440 3830 prevaricationis
467 3772 519 3812 non
545 3757 645 3814 uidisse
674 3759 815 3814 bantinum
843 3757 999 3824 [ieonused
1052 3773 1104 3817 tem
1127 3762 1220 3817 oculos
1234 3774 1328 3816 contra
1342 3763 1499 3827 Sodomam,
1527 3774 1555 3817 ut
1584 3764 1655 3818 sicut
1678 3764 1756 3819 iidem
1773 3767 1840 3821 beati

211 3867 302 3906 uocem
330 3859 393 3906 tune
418 3850 617 3906 deambulantis
642 3854 669 3907 in
693 3853 817 3922 paradiso
846 3853 1001 3924 perbihetur
1050 3854 1166 3909 Abrabae
1183 3853 1251 3908 laetis
1263 3853 1485 3923 promissionibus
1502 3863 1716 3918 remunerarent,
1732 3855 1769 3909 ita
1783 3871 1841 3924 per·

210 3945 333 4010 audisse;
351 3944 393 3998 bie
407 3943 504 3999 lutura
519 3944 712 4000 benedictionis
735 3945 798 4010 lide,
822 3961 870 4015 spe
886 3961 917 4002 ac
932 3945 1001 4001 diie-
1052 3947 1141 4002 iidiam
1157 3945 1245 4016 impiae
1258 3946 1375 4001 ciuitatis
1390 3945 1504 4001 ssatrtmis
1528 3947 1667 4001 ultricibus
1684 3949 1837 4016 perderent,

216 4040 319 4103 ctione,
335 4051 464 4092 aecensus
479 4036 669 4092 riditstantem
686 4036 837 4104 bominum,
850 4038 1000 4108 quianimi·
1049 4042 1125 4113 justa
1139 4041 1203 4096 iilud
1219 4041 1378 4106 Psaitnistar,
1394 4042 1439 4111 qui
1452 4056 1513 4096 cunr
1533 4041 1566 4095 de
1592 4043 1692 4098 satietis
1715 4043 1839 4110 pietatem

214 4144 273 4184 rum
288 4142 348 4182 curu
372 4129 423 4180 boc
444 4139 572 4182 mansura
594 4136 661 4192 erat,
683 4126 716 4180 ab
739 4126 785 4180 illo
810 4127 1001 4196 contemplatio
1052 4131 1180 4189 nominis
1195 4130 1367 4201 promisisset
1382 4149 1388 4183 ε
1403 4131 1478 4185 ilcali
1496 4131 1599 4186 Domini
1618 4129 1797 4203 superjustos,
1815 4144 1839 4187 ιι

215 4216 314 4272 dirime
329 4215 460 4270 claritatis
472 4216 647 4290 abscesserat.
664 4212 880 4269 itieauititaroce
894 4213 1000 4271 Domini
1051 4240 1128 4279 aures
1142 4226 1200 4296 ejus
1212 4224 1246 4275 od
1259 4239 1344 4294 preces
1358 4239 1445 4277 eorem
1459 4221 1544 4295 (Psoi.
1572 4239 1667 4290 ssrtst,
1683 4224 1740 4296 to),
1758 4227 1841 4296 periri.

212 4310 261 4364 bei
275 4306 418 4362 abscondit
432 4320 462 4360 se
478 4306 680 4367 tremebundus,
696 4306 755 4374 ‘tilii
781 4304 900 4373 ill⁰¹⁸0¹⁰
914 4319 1001 4358 ⁸⁸0?-
1052 4329 1101 4370 nus
1124 4315 1296 4369 seueritatem
1318 4312 1376 4381 ejus
1402 4314 1429 4366 in
1455 4315 1630 4383 reproborum
1657 4315 1758 4369 uitione
1779 4316 1841 4370 sub·

212 4415 288 4456 rasse
298 4395 540 4453 erubescebat.iiic
551 4394 999 4452 visobominostatimiaetubundus
1049 4403 1139 4475 joppis
1154 4421 1160 4457 ;
1176 4403 1367 4458 veterrimam
1380 4382 1496 4470 domtus,
1512 4403 1646 4472 irrqptepr,
1660 4420 1738 4472 ..ψη
1748 4405 1843 4473 factm.

213 4490 338 4554 accurrit,
354 4489 396 4541 eui
407 4504 436 4543 se
450 4487 643 4557 corripiacnisee
656 4487 817 4542 obedientiae
831 4487 927 4543 merito
938 4503 997 4544 cre·
1053 4507 1089 4549 ter
1103 4495 1183 4560 mule,
1194 4504 1223 4548 trs
1242 4496 1332 4561 partim
1357 4494 1388 4546 dr
1402 4506 1469 4546 terre
1483 4496 1633 4548 memor-iem
1647 4510 1736 4549 roiam
1747 4494 1841 4563 (leid,

210 4581 302 4638 debat.
317 4580 361 4634 tile
376 4578 513 4634 adsunam
529 4589 587 4648 post
607 4579 755 4645 meridiem,
773 4580 823 4635 iste
836 4583 861 4634 in
875 4580 933 4648 ipso
946 4580 1000 4635 ier·
1054 4587 1108 4657 ti).
1121 4585 1197 4651 Quod
1211 4596 1299 4639 autem
1315 4599 1375 4639 eum
1389 4587 1490 4654 augetis
1514 4585 1684 4654 gradiebatur
1705 4586 1840 4641 Abrabam

215 4674 359 4740 veredici,
377 4673 437 4742 quia
452 4674 494 4727 bic
504 4672 585 4727 diuini
600 4674 700 4728 autoris
723 4673 784 4742 igne
800 4673 940 4745 iirigrabat,
957 4673 1003 4728 ille
1054 4679 1191 4733 deducens
1206 4691 1264 4740 eus,
1277 4691 1310 4731 eu
1325 4677 1519 4730 consuetud-ne
1532 4675 1635 4729 devote
1655 4674 1843 4744 ltospimiitatis

209 4768 313 4822 diuinae
327 4766 502 4837 protectionis
514 4775 541 4820 et
552 4765 728 4821 dilectionisa
743 4780 773 4821 se
788 4766 874 4821 lucem
889 4779 1001 4834 peccan-
1052 4768 1150 4825 iecisse
1164 4768 1313 4824 credendus
1325 4777 1382 4834 est;
1396 4768 1443 4822 sed
1459 4766 1548 4822 lelice»
1563 4768 1600 4822 iili
1612 4782 1733 4838 gressus,
1745 4772 1843 4840 quibus

212 4862 247 4915 do
264 4858 410 4929 ingenerat.
428 4859 476 4913 iiie
487 4857 617 4927 hospitem
632 4857 772 4914 bominum
788 4860 883 4931 recipit
897 4876 928 4915 ac
938 4861 1001 4915 reii·
1054 4860 1134 4913 bomo
1146 4873 1208 4914 cum
1221 4859 1323 4928 angelis
1339 4856 1441 4926 ingredi
1455 4861 1552 4912 nseruii
1567 4859 1594 4912 in
1611 4868 1693 4926 terra,
1708 4859 1722 4896 l
1736 4876 1839 4930 eosque

213 4953 263 5017 cit,
278 4951 447 5020 utappositis
462 4951 548 5020 epuiis
561 4951 713 5007 carnalibus
729 4953 846 5008 insinuet
855 4954 925 5022 quod
940 4968 1000 5009 euni
1052 4967 1113 5008 enm
1128 4953 1161 5008 ad
1178 4967 1207 5008 se
1220 4952 1355 5007 vetuissent
1367 4952 1527 5006 visitandum
1542 4951 1576 5007 ad
1594 4954 1691 5007 emirum
1706 4953 1843 5009 redituros

211 5044 299 5113 epuiis
321 5041 486 5111 spiritalibus
512 5044 537 5095 iu
563 5043 646 5097 corde
670 5043 712 5112 pie
735 5043 850 5098 virendo
866 5045 999 5113 reliceret,
1051 5043 1201 5108 decorem
1217 5041 1278 5097 ielis
1303 5052 1391 5096 autern
1411 5057 1481 5096 nunc
1496 5056 1592 5097 eorum
1613 5045 1664 5095 rita
1679 5043 1725 5112 qni
1742 5043 1843 5112 augeli·

210 5133 286 5203 juxta
301 5133 371 5203 quod
396 5133 452 5201 ipse
468 5132 596 5186 botuiuus
610 5133 643 5187 de
656 5134 711 5188 suis
726 5133 892 5188 amatoribus
903 5136 1001 5204 promi·
1052 5149 1112 5190 cam
1126 5135 1154 5189 iu
1173 5132 1181 5172 ί
1199 5133 1278 5188 terris
1291 5135 1523 5188 conversationem
1538 5143 1697 5204 sequuntur,
1715 5135 1842 5191 uidelicet

208 5224 264 5279 sit:
281 5222 347 5279 Eece
359 5234 400 5278 sto
411 5227 444 5278 ed
458 5224 549 5278 ostium
563 5232 591 5279 ιι
607 5224 698 5293 pulso,·
711 5225 736 5277 si
757 5224 814 5295 quis
836 5225 946 5280 auderit
957 5243 1001 5280 uo-
1051 5225 1152 5293 sobrie,
1169 5233 1195 5280 et
1208 5223 1291 5294 juste,
1305 5232 1332 5280 et
1346 5225 1398 5293 pie,
1413 5235 1440 5279 et
1452 5233 1537 5290 caste,
1561 5225 1686 5291 rireudo,
1699 5241 1730 5280 ae
1745 5226 1845 5282 diuinis

115 5373 119 5380 ,
210 5333 265 5371 cem
286 5333 379 5382 meum,
403 5327 427 5369 ιι
447 5317 573 5388 aperuerit
601 5317 674 5383 milri,
692 5328 702 5356 s
717 5316 817 5371 intrabo
833 5319 867 5371 orl
877 5318 963 5389 illum,
976 5329 1001 5375 ιι
1051 5316 1174 5373 laudibus
1198 5329 1315 5384 semper,
1345 5323 1473 5384 errantum
1495 5314 1602 5370 mortali
1631 5316 1760 5386 possibile
1783 5328 1844 5383 est,

246 5430 329 5495 ιΑΙ.,
344 5430 380 5483 sie
395 5439 419 5484 ιι
432 5429 507 5485 Sora.

243 5504 259 5543 b
272 5499 404 5568 itemst
417 5507 451 5556 ιι.

246 5586 258 5614 e
273 5570 328 5635 tit„
342 5570 461 5623 introibo.

244 5641 259 5680 ι
276 5640 330 5703 ΑΙ.,
341 5638 466 5707 subjecto,

246 5717 260 5743 ·
274 5709 326 5774 ΑΙ,
342 5723 458 5778 castiges.

1089 5432 1099 5472 t
1117 5433 1170 5498 ui,
1183 5430 1357 5485 redeuntibus.

1090 5513 1102 5549 s
1112 5504 1169 5565 ni,
1180 5502 1346 5572 promisisset.

1090 5571 1173 5638 hdi,
1185 5586 1228 5624 eur
1240 5586 1314 5640 rum,·
1328 5570 1376 5644 ab,
1392 5585 1435 5625 ros
1448 5573 1493 5644 qui
1502 5587 1572 5628 eum.

1091 5641 1099 5679 l
1116 5642 1172 5710 ei,
1188 5650 1267 5696 terrm
