3794 6120
125 289 175 349 stt
370 289 474 348 BEDAE
495 285 721 345 tttttt'ttnuttts
740 280 881 341 otenuu
902 277 992 338 FARS
1011 281 1042 339 tl.
1063 315 1098 327 -
1119 283 1316 342 exscertus
1335 285 1501 344 oeuuttttt.
1705 290 1761 350 288

125 427 190 478 mett,
206 418 234 466 ct
245 425 297 465 oon
317 408 406 462 anima
422 419 500 467 ntea;
525 404 571 457 sed
587 416 634 473 per
650 403 700 457 boc
715 401 831 465 ridetur,
846 413 903 467 qum
917 396 943 454 A
957 399 1113 467 perditionis
1137 412 1187 457 est.
1205 403 1236 456 Et
1258 402 1309 457 alia
1323 403 1417 458 civitas
1439 406 1583 463 commotio
1599 406 1676 464 tinem
1692 424 1735 467 est
1751 429 1760 467 t

127 500 161 554 de
176 509 246 555 terra
272 507 345 563 sunt,
368 510 415 551 sun
429 507 490 547 esse
504 491 621 561 proliteri
639 509 645 544 :
663 507 714 545 nott
740 489 839 545 andere
851 504 915 544 tero
964 490 1010 562 qui
1023 492 1094 547 enim
1114 503 1261 562 sequuntur
1284 494 1360 561 illud,
1377 498 1413 552 lbi
1428 509 1593 570 congregant
1613 501 1758 559 thesaurus

128 593 220 646 elicere
233 604 280 645 sua
295 601 365 652 esse,
387 598 446 654 qure
466 585 516 637 scit
530 583 564 637 de
584 588 654 636 terra
670 597 723 635 tun
738 594 808 636 esse.
824 580 917 636 Sedet
967 597 1040 648 suos,
1063 582 1107 638 ubi
1133 587 1203 638 tinea
1228 584 1382 653 demolitur,
1402 597 1431 643 et
1454 589 1526 645 iures
1553 591 1693 650 ellodiunt.
1708 595 1764 652 Sed

129 679 219 735 laban
233 692 248 730 a
262 674 371 730 diabulo
383 673 422 727 sic
434 672 497 726 dicit
512 689 518 724 :
534 672 661 739 Quoniam
684 687 712 725 os
726 679 842 723 oteomet
857 686 917 723 caro
968 673 1019 728 etsi
1031 688 1080 727 nos
1096 674 1123 728 in
1145 675 1217 728 omui
1232 677 1396 732 couscientia
1412 679 1512 748 gratias
1525 683 1638 751 agitatus,
1655 684 1722 740 dicit
1736 699 1765 742 et

128 784 185 822 meo
197 779 246 831 est,
259 764 374 835 amplius
387 778 440 818 non
454 761 567 828 addidit,
582 762 634 814 nisi
645 761 716 829 quoti
733 769 842 814 terrena
857 772 921 812 con·
969 763 1004 818 de
1025 764 1121 819 nobis:
1139 763 1202 818 Filii
1213 762 1295 820 lsrael
1308 770 1498 831 proeuolttcrnttt
1518 774 1595 829 aionis
1609 792 1687 842 super
1706 796 1763 834 not.

130 855 296 925 sartguioitas
309 853 442 924 agnoscit.
466 851 529 905 htia-
548 859 590 905 est
605 850 755 904 animarum
770 848 920 920 generatio,
971 853 1029 909 lloc
1052 856 1122 923 quod
1149 855 1233 911 dicit:
1247 856 1289 913 Ne
1314 859 1382 929 forte
1407 863 1587 935 adjungantur
1609 868 1765 925 asserentis

131 965 191 1020 quac
206 950 246 1004 tei
261 947 344 1003 Jacob
356 944 529 1002 descendenti
544 943 730 1014 itrAEgyptum
742 942 869 1006 sociatur,
880 939 921 995 vel
971 947 1076 1011 nostris,
1097 947 1272 1016 significator,
1303 951 1405 1020 quodsi
1427 951 1570 1024 jungamur
1585 960 1766 1026 praedicatori.

132 1041 238 1096 cacteris
250 1040 351 1094 sanctis
366 1039 415 1091 sub
428 1034 632 1091 enumeratione
649 1033 769 1104 mysticae
783 1034 924 1100 posterita·
972 1035 1157 1104 honentatis,
1172 1039 1362 1106 praevaluimus
1373 1055 1453 1110 super
1467 1045 1554 1113 illum,
1571 1056 1597 1102 et
1609 1051 1766 1121 peregrinus

133 1132 168 1187 tis
181 1131 334 1187 ascribitur.
361 1130 465 1184 diertno
479 1137 562 1182 nutem
583 1125 690 1196 derepit,
713 1126 762 1193 pilii
775 1123 924 1179 lsroelcre·
973 1124 1008 1180 de
1036 1134 1105 1182 terra
1132 1141 1190 1192 sna,
1215 1127 1384 1197 deponentes
1410 1141 1527 1190 ueterem
1546 1136 1681 1193 hominem
1705 1156 1765 1196 cum

134 1234 224 1281 serant
247 1235 270 1279 et
288 1223 448 1278 incoluerunt
465 1220 551 1274 aionis.
569 1219 711 1288 l‘ostqurm
732 1231 811 1271 verns
823 1214 922 1282 loseph
974 1216 1088 1282 actibus,
1116 1218 1157 1272 vel
1185 1218 1365 1287 relinquentes
1390 1221 1534 1292 imaginem
1557 1227 1636 1298 litoius
1667 1233 1768 1288 terreni

136 1333 185 1388 pru
197 1313 449 1385 omnibusgustarit
463 1322 589 1377 mortem,
605 1309 796 1377 multiplicatus
810 1315 850 1362 est
866 1305 926 1359 ide·
976 1306 1103 1375 hominis,
1133 1317 1162 1364 et
1186 1306 1329 1365 induentes
1358 1310 1499 1382 imaginem
1528 1315 1607 1387 hujus
1635 1322 1766 1380 coelestis.

136 1409 201 1464 iiotn
217 1410 343 1480 populos.
358 1407 413 1462 Nisi
429 1405 501 1461 enim
512 1418 622 1475 granum
634 1399 762 1455 lrtttuenti
785 1396 927 1452 cecidisset
976 1397 1029 1453 dlii
1049 1397 1139 1452 dicunt
1168 1414 1216 1469 per
1231 1398 1410 1468 aduersarios,
1437 1404 1537 1473 quibus
1557 1407 1645 1463 tintuit
1666 1412 1770 1468 Pharao

138 1510 166 1559 et
191 1514 327 1557 mortuum
351 1499 466 1561 luisset,
490 1511 541 1550 nun
563 1495 653 1562 utique
668 1490 787 1547 Ecclesia
812 1487 927 1542 iunctum
979 1489 1060 1545 lsrael
1085 1491 1223 1563 cortjttogi
1249 1492 1374 1547 mandata
1399 1497 1557 1563 pertinentia
1580 1501 1614 1556 ad
1633 1501 1769 1560 Citristum

140 1592 283 1664 plurimum
301 1589 466 1658 protulisset.
486 1584 622 1641 lluraliter
644 1592 791 1653 quoquest
806 1579 885 1645 inte,
903 1578 928 1633 si
979 1581 1102 1650 intelligi.
1119 1579 1154 1635 Et
1169 1582 1332 1652 egredientur
1351 1586 1462 1641 deterre
1476 1603 1487 1645 .·
1503 1590 1596 1657 idest,
1617 1606 1696 1648 crunt
1712 1596 1771 1652 sine

143 1684 273 1742 nnoriatur
287 1679 398 1748 lusepb,
421 1679 443 1733 si
459 1675 691 1732 mortificationem
702 1671 801 1728 Christi
815 1673 842 1724 io
867 1684 929 1723 cur·
981 1672 1109 1727 seruitute
1130 1670 1326 1744 AEgyptioram.
1349 1675 1381 1731 Et
1396 1676 1447 1732 ltoc
1462 1677 1488 1734 in
1504 1685 1626 1749 praesenti
1649 1684 1771 1743 diabotus

142 1787 206 1840 pure
223 1780 269 1825 tna
291 1769 437 1837 suscipias,
460 1777 487 1822 et
511 1765 658 1821 mortifices
682 1763 833 1818 membrum
857 1770 930 1814 tuum
946 1732 1069 1829 Btimet,
1091 1777 1126 1818 nc
1140 1764 1310 1833 egrediantur
1323 1764 1357 1821 de
1381 1774 1450 1824 terra
1466 1777 1588 1840 corporis
1604 1775 1657 1841 sui,
1679 1776 1704 1831 si
1718 1794 1773 1834 nott

142 1872 263 1934 peccato,
280 1872 343 1916 tunc
357 1860 385 1914 ln
398 1869 423 1914 te
437 1857 648 1928 multiplicantur
663 1855 709 1910 dlii
726 1853 817 1920 israel,
833 1852 859 1907 id
878 1861 931 1916 cst,
982 1855 1103 1910 serviant
1119 1857 1234 1926 peccatis
1249 1867 1276 1912 et
1291 1858 1373 1913 vitiis.
1390 1860 1440 1916 l’er
1464 1864 1606 1933 magistros
1621 1883 1689 1938 quos
1705 1885 1774 1939 prae·

144 1968 240 2009 sensus
259 1952 321 2007 boni
336 1961 364 2007 et
377 1949 540 2019 spirituales.
564 1944 689 2013 Quotidie
709 1943 782 1999 enim
795 1941 933 1996 morienti·
983 1946 1071 2016 posuit
1091 1946 1195 2002 Pharao
1219 1947 1281 2004 liliis
1303 1948 1395 2019 lsrael,
1420 1952 1538 2010 baeretici
1557 1955 1777 2019 demonstrantur

143 2047 194 2100 hus
218 2045 289 2098 vitiis
313 2044 339 2098 io
366 2052 392 2096 te
417 2041 544 2095 virtutum
571 2045 834 2106 numerusaugetur.
862 2033 933 2088 Etiu
984 2038 1120 2108 prepositi
1148 2052 1162 2092 a
1187 2039 1293 2095 diabalo
1317 2055 1366 2095 sua
1396 2044 1583 2116 aestimatione,
1614 2059 1643 2103 ut
1669 2062 1777 2107 sanctus

148 2148 218 2191 terra
234 2133 427 2203 multiplicatis,
451 2132 477 2186 io
499 2141 543 2184 tna
567 2130 670 2184 scilicet
684 2142 777 2192 carne,
795 2141 841 2193 per
855 2140 934 2193 quam
983 2127 1104 2201 affligant
1128 2131 1257 2186 oneribus
1288 2143 1469 2203 peccatorum.
1499 2137 1545 2193 llel
1575 2140 1723 2208 moraliter,
1749 2152 1777 2200 ut

145 2227 256 2280 virtutes
267 2220 499 2279 administrantur.
510 2219 635 2287 Sequitur
648 2235 655 2271 ε
670 2216 791 2271 Surrexit
801 2216 868 2270 olins
878 2231 933 2270 res.
987 2235 1068 2290 snpra
1085 2221 1202 2277 breviter
1216 2224 1400 2291 exposuimus,
1426 2227 1488 2283 mali
1503 2243 1598 2287 seusus
1613 2232 1699 2288 bonos
1715 2248 1779 2303 per·

147 2316 236 2370 l'rimo
256 2310 398 2367 uidendum
410 2319 454 2366 est
474 2309 534 2380 quis
549 2310 598 2363 iste
621 2321 679 2370 ret,
704 2307 749 2377 qui
775 2306 877 2361 sciebat
890 2303 938 2360 lo-
984 2311 1139 2367 rertendos.
1151 2310 1281 2380 Quodque
1293 2313 1408 2369 dicitur:
1422 2316 1524 2381 Quanto
1534 2323 1695 2391 opprioeiut
1707 2327 1778 2393 illos,

146 2405 224 2474 sepit,
250 2404 350 2473 etquis
363 2411 405 2458 est
425 2400 469 2470 qui
493 2400 639 2456 nesciebat.
666 2398 867 2468 Quattdiuergo
889 2410 937 2451 rex
988 2407 1060 2453 tooto
1093 2401 1174 2469 magis
1208 2402 1454 2473 otnltiplicobontnr,
1493 2407 1779 2481 apollonaristas,

147 2507 247 2563 niuster,
263 2495 290 2550 itl
309 2503 352 2551 est
364 2495 474 2565 spiritus
486 2493 584 2548 mentis
597 2492 682 2547 austri
695 2500 766 2547 tenet
780 2490 941 2545 memoriam
987 2500 1088 2561 quanto
1103 2506 1118 2543 a
1131 2491 1247 2546 diabolo
1256 2491 1392 2561 patiuntur
1407 2498 1579 2565 tentationes,
1607 2510 1681 2556 tante
1695 2507 1780 2577 magis

149 2585 261 2655 loseph,
277 2586 304 2642 id
317 2595 370 2653 est,
382 2584 493 2641 Christi.
505 2583 589 2652 llujus
603 2583 675 2638 euim
700 2578 824 2636 meminit
847 2594 895 2634 rex
911 2578 938 2632 iu
987 2595 1004 2635 a
1018 2580 1126 2637 Christe
1139 2581 1277 2637 abundant
1291 2583 1418 2651 prauus.
1432 2587 1676 2658 llultiplicabantur
1691 2607 1781 2652 autem

148 2681 274 2752 zl'gypto,
291 2678 316 2733 id
332 2688 374 2734 cst
386 2677 496 2748 spiritus
519 2689 611 2732 noster
625 2676 652 2730 in
668 2689 749 2731 caros
763 2683 866 2738 nostra,
880 2687 939 2742 qute
989 2671 1098 2728 eumad
1120 2684 1226 2729 sanctos
1240 2672 1365 2739 retertur,
1380 2676 1414 2730 ad
1431 2679 1510 2734 iidem
1526 2683 1651 2749 pertinet.
1667 2685 1785 2743 Cresce-

149 2771 280 2843 AEgyptus
297 2785 348 2826 nou
362 2770 582 2827 inconvenienter
602 2769 711 2824 dicitur.
734 2767 792 2822 Non
812 2764 941 2834 ailiiguo·
990 2761 1056 2817 bant
1069 2771 1158 2817 autem
1179 2762 1212 2817 ad
1226 2754 1293 2833 opus
1306 2765 1353 2820 luti
1367 2777 1394 2823 et
1409 2769 1509 2836 lateris,
1524 2772 1614 2840 idest,
1629 2776 1702 2833 vitiis
1721 2792 1783 2833 cor·

149 2877 192 2919 tur
207 2864 252 2918 liiii
268 2863 361 2927 lsrael,
387 2863 560 2918 rationabiles
576 2861 680 2916 scilicet
701 2873 798 2914 sensus
821 2860 864 2914 tel
887 2860 944 2912 rir-
992 2852 1065 2922 potis
1079 2863 1108 2908 et
1119 2856 1226 2909 attimae.
1244 2854 1466 2914 visitaturam
1479 2859 1589 2934 AEpqpti
1606 2867 1782 2923 assurrectum

152 2963 233 3021 tutes,
250 2968 299 3009 occ
316 2954 373 3007 luto
388 2961 415 3009 et
438 2953 520 3007 latere
536 2960 741 3018 consumuntur,
757 2950 872 3005 terrenis
885 2949 942 3003 sci·
992 2946 1178 3016 Hebraeorum,
1203 2957 1231 3004 et
1253 2949 1364 3020 reliqua.
1383 2951 1493 3009 Videtur
1513 2957 1621 3026 quitlem
1635 2961 1784 3017 secundum

152 3049 214 3103 licet
235 3048 317 3113 curis,
342 3061 391 3102 nec
414 3046 525 3101 masculi
547 3055 689 3112 necantur,
715 3058 795 3112 opera
808 3042 862 3112 jam
878 3056 940 3110 per·
993 3038 1112 3094 ltistoritc
1126 3039 1308 3097 narrationem
1322 3053 1456 3099 starenoo
1472 3059 1561 3115 posse.
1576 3047 1654 3116 Quod
1666 3050 1785 3108 dicitur:

153 3141 232 3195 lecta.
258 3138 286 3194 Si
306 3152 371 3193 tero
395 3151 490 3193 sensus
514 3137 599 3191 nostri
624 3136 771 3191 nescierint
793 3134 940 3198 Christum,
995 3135 1062 3203 Quin
1082 3151 1134 3189 nott
1157 3136 1270 3205 [oemunt
1287 3137 1432 3193 obstetrices
1443 3141 1514 3210 quod
1528 3144 1648 3214 precepit
1668 3143 1785 3202 Phorco.

154 3239 217 3283 tunc
230 3228 360 3296 sapientia
381 3226 485 3291 carnis,
511 3239 569 3294 qum
598 3224 705 3278 inimica
728 3233 770 3278 est
794 3221 860 3288 Duo,
881 3235 944 3277 suc·
992 3228 1051 3283 Non
1064 3227 1135 3283 enim
1150 3227 1321 3283 inueniuntur
1337 3243 1390 3284 noo
1404 3229 1552 3288 ririitcasse
1574 3232 1698 3305 feminas,
1720 3252 1788 3303 qum

155 3318 227 3374 cedit
253 3317 278 3371 in
301 3331 435 3385 regnum,
463 3324 491 3368 ct
505 3315 649 3384 alloquitur
663 3321 769 3382 gentem
783 3327 870 3379 snam,
884 3326 946 3366 cor·
993 3317 1121 3388 pracepit
1137 3317 1241 3372 l’harao
1266 3318 1405 3374 viviticari.
1423 3318 1456 3373 Et
1477 3321 1500 3376 si
1525 3335 1577 3376 noo
1592 3321 1722 3391 iecerunt,
1741 3333 1789 3380 aut

156 3421 251 3477 pereas
273 3407 375 3462 scilicet
400 3406 570 3473 voluptates,
595 3416 623 3459 et
650 3405 753 3459 vocatis
778 3403 890 3459 ducibus
906 3404 945 3458 ri·
993 3423 1026 3464 er
1059 3408 1200 3477 preceptis
1216 3407 1464 3477 debuerunt,‚sicut
1482 3413 1616 3468 masculos
1638 3413 1788 3480 riribcare,

156 3501 265 3565 tiorum,
291 3499 371 3555 initur
395 3497 538 3554 consilium
565 3508 657 3553 cantra
686 3497 789 3565 lsrael,
810 3497 945 3568 quomodo
994 3506 1085 3552 contra
1102 3506 1264 3567 preceptum
1288 3499 1375 3568 regis,
1390 3508 1418 3554 ut
1440 3499 1704 3560 tentaasocetoere.
1724 3505 1790 3563 llaec

154 3591 322 3660 opprimatur
352 3606 434 3660 snpra
461 3590 540 3645 dictis
566 3591 654 3648 malis.
691 3593 724 3646 Et
756 3602 784 3648 tu
812 3607 876 3663 ergo
899 3595 944 3662 qui
995 3598 1103 3658 propter
1123 3602 1171 3643 eos
1192 3589 1236 3657 qui
1262 3588 1341 3644 amici
1364 3599 1428 3645 sunt
1444 3590 1595 3660 littsrae,et
1616 3608 1670 3649 uon
1692 3605 1790 3666 putum

156 3682 323 3750 bacaudis,
346 3683 370 3739 si
395 3692 455 3752 post
478 3683 578 3738 dontmt
606 3684 730 3753 baptismi
757 3699 839 3752 opera
866 3684 945 3754 hujus
996 3679 1080 3746 legem
1103 3675 1271 3746 spiritualem
1286 3691 1356 3733 esse.
1382 3677 1563 3749 Spiritualiter
1581 3693 1671 3738 autem
1691 3698 1791 3740 aecum

159 3774 250 3829 mundi
274 3774 351 3840 iacis,
366 3775 434 3829 scito
447 3775 506 3844 qnia
521 3775 638 3829 surrexit
650 3776 677 3830 in
698 3782 724 3830 te
743 3776 811 3829 alins
825 3791 885 3842 ret,
901 3773 946 3845 qni
996 3768 1058 3823 dnm
1080 3780 1198 3834 tensum,
1223 3766 1268 3837 qui
1290 3776 1377 3837 potest
1401 3767 1548 3839 intelligere
1573 3769 1668 3837 beon
1682 3781 1711 3827 ct
1728 3789 1792 3844 quas

157 3867 243 3923 nescit
256 3866 366 3934 loseph.
382 3867 473 3920 Potest
487 3880 592 3935 qnoque
611 3880 655 3921 rer
668 3864 790 3936 AEgypti,
801 3864 846 3935 qui
861 3867 947 3921 nescit
997 3872 1101 3914 sursum
1116 3865 1180 3912 sunt
1193 3871 1325 3927 querere,
1348 3856 1405 3912 odit
1420 3855 1523 3915 l‘ltartn
1543 3873 1589 3914 rer
1611 3857 1739 3933 AEggpti,
1763 3871 1793 3918 ct

157 3959 268 4023 reseph,
283 3970 343 4012 sese
356 3955 488 4015 diabolus,
505 3956 548 4025 qni
565 3956 631 4011 dixit
654 3956 681 4010 in
697 3956 779 4011 eorde
792 3969 843 4011 sno
860 3974 866 4010 :
885 3955 948 4011 Nep
998 3951 1069 4004 ltuttc
1097 3948 1213 4003 interimi
1236 3946 1322 4016 cupit;
1339 3962 1505 4019 quacunque
1531 3951 1622 4007 carnis
1645 3953 1790 4024 ririllcari,

157 4055 195 4102 est
210 4045 289 4103 Deus.
306 4047 453 4117 Quingenti
472 4062 537 4112 ssoe,
561 4047 655 4110 idest,
680 4049 810 4115 apostatis
833 4047 947 4116 angelis,
999 4056 1051 4095 non
1078 4040 1165 4095 sulum
1190 4037 1330 4105 rivillcari,
1346 4039 1393 4094 sed
1414 4043 1506 4112 angeri
1537 4041 1621 4097 solt:
1638 4052 1672 4098 ut
1694 4058 1793 4101 omues

157 4139 357 4212 quodammodo
372 4141 485 4208 loqtttlttt·
499 4153 508 4192 .·
523 4137 648 4192 Eeceoiri
668 4135 795 4192 israelite
803 4147 947 4205 creuerunt,
997 4137 1112 4192 carnalia
1135 4134 1251 4204 sapiunt,
1277 4134 1402 4204 quisunt
1429 4150 1511 4205 super
1526 4145 1636 4202 terram,
1661 4148 1690 4193 et
1711 4153 1800 4194 tremo

158 4233 445 4300 etinoolnouotmpm
460 4246 506 4284 nor
529 4229 709 4291 :biscilicen
731 4228 776 4297 qni
792 4236 881 4283 mente
896 4227 949 4282 tto·
999 4226 1032 4281 ad
1067 4226 1209 4282 etelesteut
1237 4226 1350 4295 patriam
1386 4225 1480 4281 oculos
1505 4227 1602 4281 eleuet.
1626 4226 1680 4283 iste
1700 4237 1794 4284 autem

160 4325 262 4378 turinum
283 4322 374 4377 ridere
387 4331 512 4393 possunt.
528 4319 627 4375 beitnle
642 4319 692 4373 boc
706 4319 790 4373 sensit
813 4317 948 4383 diabolus,
1001 4320 1104 4375 Pharao
1126 4320 1287 4375 obstetrices
1310 4333 1484 4390 corrumpere
1498 4319 1663 4391 aggreditur,
1679 4336 1800 4392 quarum,

159 4416 220 4486 qnia
235 4413 311 4469 iortis
337 4415 372 4469 sit
396 4426 461 4482 gens
485 4409 579 4477 lsrael,
598 4424 713 4480 namque
738 4423 810 4479 saepe
824 4422 948 4478 egressus
961 4433 990 4496 Β
1001 4426 1052 4464 una
1067 4409 1188 4479 sephora
1204 4407 1359 4477 vocabatur,
1386 4422 1447 4477 quta
1462 4409 1653 4477 iuterpretatur
1676 4425 1801 4481 passer,

158 4515 212 4571 est,
226 4513 336 4572 etsaepe
359 4511 499 4572 superatos
513 4512 571 4567 est3
583 4501 629 4556 sed
650 4500 713 4554 illud
728 4499 799 4569 quod
813 4500 898 4566 timet,
915 4514 950 4555 oe
1001 4511 1028 4557 et
1052 4503 1135 4557 altera
1157 4502 1240 4565 Pltua,
1264 4515 1324 4570 quc
1336 4499 1405 4570 apud
1423 4516 1473 4556 nos
1500 4503 1599 4559 rubens
1612 4503 1665 4558 dici
1693 4515 1794 4573 potet.

159 4592 268 4664 qnando
282 4593 388 4647 eueniat
401 4592 453 4662 illis
466 4591 581 4658 bellum,
593 4602 618 4646 et
630 4589 776 4660 jungantur
788 4589 949 4647 adversariis
1002 4593 1055 4649 Per
1078 4593 1127 4647 bas
1141 4605 1238 4648 necare
1252 4605 1352 4657 mares,
1375 4600 1402 4646 et
1425 4590 1561 4649 vivificare
1583 4593 1656 4649 salas
1680 4593 1800 4654 feminas

162 4669 282 4748 illorum,
304 4694 332 4738 et
357 4682 470 4739 deuictis
485 4683 539 4737 illis
552 4683 585 4737 de
608 4691 681 4737 terra
706 4697 753 4735 sna
773 4681 948 4736 descendant.
1002 4684 1087 4755 cupit.
1103 4682 1172 4737 lstas
1188 4681 1348 4736 obstetrices
1362 4680 1608 4750 dixeruntqnidam
1626 4682 1802 4742 rationabilis

160 4777 282 4832 Ostendit
296 4790 326 4832 sc
340 4790 371 4830 ea
395 4790 455 4844 qne
478 4789 493 4829 a
517 4773 674 4844 patriarchis
701 4782 729 4827 et
753 4772 891 4844 prophetis
916 4770 951 4829 tle
1001 4773 1157 4832 cruditionis
1172 4774 1283 4827 turmam
1299 4780 1399 4827 tenere.
1410 4771 1574 4828 obstetrices
1583 4772 1655 4828 enim
1674 4776 1797 4847 quedam

161 4868 278 4923 adventu
294 4867 393 4923 Christi
409 4865 534 4935 praedicta
550 4874 624 4932 suut,
641 4865 830 4934 prtcsensisse3
847 4876 874 4920 et
889 4865 951 4920 inds
1002 4863 1097 4920 medice
1120 4870 1192 4930 suot,
1211 4872 1304 4918 ettam
1318 4861 1685 4934 toasculosqnamlemiuas.
1700 4866 1797 4922 Erudi-

161 4960 231 5016 scire
245 4961 315 5029 quod
340 4960 389 5016 sibi
404 4958 544 5013 immineat
566 4957 673 5013 bellum.
701 4955 734 5011 Et
753 4957 837 5012 sensit
857 4965 952 5012 teotu-
1003 4957 1041 5012 tio
1053 4957 1125 5012 enim
1139 4957 1190 5011 ista
1206 4954 1372 5010 rationabilis
1386 4957 1529 5012 sententie
1552 4959 1589 5012 ad
1612 4972 1709 5015 ornnes
1733 4973 1795 5029 pro·

162 5068 233 5119 raim,
257 5053 321 5121 quia
345 5066 406 5105 cnm
433 5049 527 5103 inducia
553 5049 701 5115 triumphet
716 5047 787 5115 illos,
817 5056 845 5103 et
873 5046 952 5102 docet
1003 5045 1630 5117 petundumpervenit,sensusotnnisinseruit,
1646 5063 1796 5120 amnesque

163 5144 242 5200 lsrael
258 5143 391 5198 edilicarc
403 5143 536 5205 civitates,
550 5140 575 5195 id
591 5148 633 5195 est
647 5140 755 5206 Pititon,
781 5139 853 5209 quod
868 5140 953 5194 inter·
1004 5139 1084 5193 iuret.
1100 5136 1127 5192 Si
1141 5137 1201 5207 quis
1216 5145 1262 5191 aut
1275 5135 1358 5191 uirilis
1372 5134 1439 5190 insa
1452 5135 1535 5193 animi
1552 5137 1648 5205 luerit„
1658 5147 1688 5194 et
1702 5141 1796 5196 roltts·

164 5244 323 5303 pretaturos
343 5232 480 5296 delicieris,
500 5231 541 5287 tei
568 5230 713 5300 osabyssi.
740 5229 952 5295 Etltatnmasse,
1003 5232 1038 5286 rit
1077 5231 1197 5287 ctelestia
1235 5243 1366 5300 quaerere,
1394 5242 1441 5299 per
1468 5231 1548 5299 buius
1573 5231 1739 5288 eruditiones
1763 5230 1795 5287 ad

162 5338 222 5394 qttae
248 5324 440 5393 interpretatur
455 5321 601 5377 commotio
617 5322 707 5377 tinea.
723 5321 862 5390 liliopolis,
873 5320 899 5373 ltl
912 5326 954 5374 est
1003 5322 1156 5378 diuinorum
1182 5320 1387 5391 intelligentiam
1402 5319 1524 5389 paratior
1543 5322 1633 5376 reniet
1647 5339 1654 5375 :
1668 5331 1712 5376 cst
1724 5321 1794 5376 enim

163 5416 256 5469 civitas
279 5415 358 5470 solis.
387 5413 456 5470 Ecce
483 5414 575 5485 quales
600 5411 721 5469 ciuitates
748 5412 876 5484 praecepit
901 5410 952 5466 sibi
1005 5432 1058 5471 noa
1079 5415 1151 5470 relat
1175 5427 1358 5483 possemque
1381 5412 1497 5468 celsiora
1522 5412 1616 5479 docet;
1646 5412 1710 5481 alia,
1738 5426 1797 5483 qua

164 5505 291 5559 adulteri
307 5505 421 5570 l‘barao,
445 5518 476 5560 os
494 5504 642 5570 deliciens;
668 5516 695 5560 et
717 5503 814 5559 deiecit
838 5516 955 5574 namque
1005 5507 1106 5564 rubeos
1136 5505 1179 5561 rel
1205 5502 1354 5559 verecunda
1376 5502 1581 5575 interpretatur,
1607 5504 1718 5559 muralis
1745 5513 1796 5568 sst,

165 5610 212 5658 os.
227 5611 286 5650 cum
302 5597 472 5654 mendacium
493 5597 622 5668 loquitur,
636 5612 698 5654 cnm
712 5599 824 5654 veritate
835 5606 881 5653 aut
893 5611 956 5668 pro·
1005 5615 1065 5672 qnae
1080 5613 1168 5656 utores
1192 5597 1342 5667 componit,
1358 5598 1546 5654 verecundiam
1566 5594 1654 5651 docet.
1669 5593 1722 5652 Sed
1737 5594 1797 5666 qula

165 5681 316 5742 tautonibus
329 5683 434 5752 deficitt
455 5695 501 5744 aut
514 5702 547 5746 us
560 5687 661 5759 abyssi,
676 5687 737 5759 qnia
752 5687 866 5759 abgtsus
880 5681 955 5746 locus
1006 5690 1146 5762 Scriptura
1171 5688 1236 5747 dicit
1252 5685 1409 5746 :linebant
1442 5688 1588 5747 obstetrices
1612 5686 1752 5743 donnicato
1774 5693 1801 5741 et
