3794 6120
138 294 188 352 att
389 297 490 353 uliud:
512 291 738 352 substitutus
755 292 899 351 bletttttt
922 291 1009 350 rstts
1028 295 1059 353 il.
1082 326 1115 339 -
1136 295 1333 355 studentes
1353 295 1515 356 GENUiNd.
1715 298 1771 356 bl!

142 419 196 465 tem
211 410 325 480 implens
338 409 384 463 illo
406 421 481 462 inme
495 421 548 477 quo
561 415 637 462 rates
651 408 800 462 «tumorum
817 401 922 475 impleri
938 403 963 464 Α
977 418 1111 480 precepto
1129 409 1176 465 bei
1189 410 1328 466 debuisset
1340 411 1478 482 anteponi.

139 499 238 564 solent,
266 499 415 553 reddiderit
436 497 661 566 sapientissimum
684 499 803 553 ninnium
826 498 924 554 bestia·
1014 495 1046 551 Et
1071 500 1135 554 dixit
1150 501 1276 556 daminus
1289 501 1359 556 bers
1372 501 1495 571 serpenti,
1508 509 1533 556 et
1549 499 1666 571 reliqua,
1682 517 1770 576 usque

138 593 220 647 ruini
235 591 290 646 lieo
305 605 370 645 sane
395 591 524 646 debemus
548 592 651 660 opinari
672 592 744 661 4(ειιοει
772 605 924 662 serpentem
976 591 1037 645 ditm
1052 592 1127 657 dixit,
1143 590 1178 646 b't
1192 602 1220 647 tu
1231 594 1393 649 insidiaberis
1407 594 1525 648 calcaneo
1537 593 1617 648 iilius.
1631 593 1701 650 'lata
1714 597 1767 653 ista

137 683 200 748 sibi,
215 699 263 753 per
276 699 357 753 quiem
380 684 521 738 tentaterit
543 685 714 754 persuadere,
729 684 852 740 diabolus
866 685 925 742 ele·
976 685 1109 740 seruientia
1127 685 1239 754 figurata
1254 695 1306 752 est,
1322 701 1370 741 nee
1385 686 1456 740 alind
1471 687 1507 740 illi
1528 687 1609 742 debet
1624 688 1764 758 scriptoris

136 776 214 845 perit,
231 775 278 830 sed
291 790 352 829 cutm
368 785 440 830 esset
455 775 481 829 in
498 774 544 830 illu
556 774 859 845 eupiditasdecipiendi‚
878 791 925 846 per
976 774 1051 844 lides,
1069 777 1285 848 narrationisque
1313 779 1422 840 veritas.
1446 779 1496 832 uisi
1521 795 1555 835 ne
1576 779 1650 833 illam
1676 780 1767 836 datam

136 866 201 921 illud
214 865 311 921 anintal
327 867 414 937 putuit
435 882 482 936 per
503 869 573 936 quod
596 866 741 936 permissus
755 874 806 922 est.
823 866 925 934 Qnaeri·
976 868 1057 924 lnirse
1077 866 1239 926 dubitemus.
1261 870 1318 926 b'on
1343 878 1385 926 est
1407 871 1478 926 enim
1505 872 1685 945 iuterrogatus
1706 889 1767 931 ser-

129 948 177 1011 ‘tur
189 967 279 1012 autem
290 972 339 1013 eur
351 969 452 1013 tentare
467 956 588 1026 permisit
601 958 669 1014 bens
684 960 831 1025 bominem,
844 973 923 1028 quem
975 976 1051 1031 pens,
1073 962 1134 1032 qrria
1154 978 1206 1018 non
1230 962 1287 1032 ipsu
1311 963 1399 1032 utique
1423 964 1449 1017 in
1474 977 1522 1018 sua
1543 976 1638 1020 natura
1653 963 1766 1035 leserat,

135 1049 261 1103 tentatori
286 1047 444 1118 praesciebat
469 1063 529 1103 esse
553 1049 763 1103 concessurum?
778 1048 835 1103 lion
849 1047 922 1104 arbi·
974 1053 1021 1106 sed
1035 1051 1157 1106 diabulus
1181 1050 1216 1107 de
1237 1051 1283 1106 ilio
1301 1052 1447 1120 perillum,
1464 1063 1492 1108 et
1506 1053 1533 1107 in
1549 1054 1596 1109 illo
1608 1054 1657 1108 luit
1669 1069 1766 1126 apera-

133 1140 256 1194 trandnm
280 1149 322 1197 est
345 1150 434 1208 autem
455 1141 526 1211 ntrud
545 1141 682 1197 bominem
704 1140 857 1211 rit·jecturus
871 1143 923 1199 iste
975 1151 1026 1196 tus.
1043 1143 1117 1198 llurtc
1131 1158 1195 1213 ergo
1221 1144 1293 1214 quod
1314 1144 1345 1198 ad
1370 1144 1444 1199 illum
1460 1144 1505 1215 qui
1530 1146 1556 1199 in
1579 1156 1703 1214 serpente
1725 1146 1766 1201 lo·

134 1231 256 1288 diabolus
272 1241 374 1289 tentare
390 1236 601 1303 permitteretur,
617 1232 666 1286 uisi
684 1233 757 1301 prius
771 1234 923 1302 processis·
974 1242 1051 1287 curtus
1070 1242 1113 1287 est
1127 1233 1239 1297 dicitur,
1256 1232 1396 1299 dprrraturn
1413 1242 1463 1286 est.
1480 1234 1549 1300 Quia
1562 1234 1659 1287 audisti
1680 1249 1766 1288 εεεεεεε

135 1332 177 1379 ςρε
196 1323 223 1380 p„
245 1328 359 1379 animam
376 1325 449 1381 ipius
477 1325 598 1395 [lumnam
614 1324 696 1379 eppo
709 1325 920 1392 comprimenda,
975 1313 1089 1366 rnulierir
1114 1322 1175 1379 tuo,
1189 1314 1323 1366 maledictu
1334 1323 1400 1366 terro
1415 1313 1441 1365 iu
1452 1313 1569 1382 operibus
1584 1315 1644 1367 tuis.
1662 1313 1698 1367 Ex
1713 1313 1765 1367 boo

135 1402 194 1456 Non
204 1403 277 1459 enim
293 1404 357 1458 aiibi
373 1404 478 1458 ridetur
494 1420 594 1473 iringum
608 1404 693 1457 laudis
706 1401 822 1458 lutrrrum
839 1402 921 1460 brisso
974 1417 1033 1458 esse
1052 1403 1078 1458 in
1092 1411 1163 1458 terra
1177 1403 1282 1458 iabores
1296 1401 1405 1457 hnmani
1421 1403 1539 1471 generis,
1562 1402 1622 1470 puis
1636 1400 1765 1471 ignorati

136 1493 284 1561 bominem,
300 1495 321 1550 si
337 1504 475 1563 propterea
492 1506 583 1563 posset
597 1494 764 1550 benerirere
780 1499 824 1562 qul
840 1509 856 1549 ε
872 1511 921 1551 ne·
974 1493 1079 1564 thuia
1095 1509 1147 1547 non
1167 1504 1256 1548 essent
1272 1493 1378 1549 iabores
1392 1493 1419 1547 in
1435 1503 1516 1558 terra,
1539 1492 1561 1548 si
1577 1491 1691 1548 lelieitas
1703 1507 1765 1562 quae

134 1586 206 1641 mine
221 1586 289 1640 male
304 1586 395 1641 rirere
407 1586 576 1641 suaderetur.
591 1585 657 1641 Cum
672 1593 698 1640 et
710 1587 736 1641 in
753 1594 844 1641 natura
859 1601 921 1656 pos·
975 1583 1002 1638 in
1026 1584 1152 1652 paradiso
1177 1584 1224 1638 luit
1249 1593 1398 1652 teneretur,
1425 1598 1478 1638 non
1505 1592 1547 1638 est
1572 1583 1763 1639 dubitandum.

134 1685 187 1740 εει,
201 1684 229 1731 ει
244 1677 269 1730 in
286 1685 416 1745 potestate
432 1675 553 1743 baberet,
575 1677 597 1732 si
620 1676 709 1743 tollet,
727 1691 779 1731 non
800 1675 919 1733 consen·
972 1677 1060 1747 Opera
1076 1687 1164 1732 aretem
1181 1677 1224 1732 bie
1239 1691 1293 1732 non
1309 1677 1381 1732 ruris
1395 1675 1512 1739 sulendi,
1526 1685 1554 1730 ut
1567 1677 1690 1748 plerique
1709 1691 1761 1746 pu·

131 1768 192 1823 tire.
206 1766 236 1824 Si
250 1777 340 1823 artium
357 1775 479 1823 moretur
495 1766 600 1836 puidam
617 1767 650 1823 de
676 1765 727 1821 bac
742 1768 820 1838 primi
833 1768 919 1823 homi·
937 1757 959 1819 B
973 1779 1038 1834 tarrt,
1052 1769 1099 1824 sed
1112 1779 1220 1839 peecata
1235 1777 1309 1824 sunt.
1334 1767 1446 1823 Tunicas
1461 1770 1591 1837 pettit-eur.
1609 1766 1642 1824 lit
1656 1770 1706 1823 boe
1724 1768 1764 1824 si·

132 1859 175 1916 nis
186 1861 343 1929 tentatione,
356 1862 426 1930 qnnt
441 1876 500 1917 eam
516 1860 573 1916 lieri
589 1861 740 1930 permiserit
753 1860 833 1928 bens,
844 1862 920 1931 quasi
970 1860 1147 1931 gnilieationis
1159 1861 1242 1930 gratia
1265 1862 1362 1914 laetum
1376 1870 1427 1925 est,
1443 1861 1489 1916 sed
1502 1869 1592 1916 tamen
1606 1861 1703 1916 lacuum
1718 1868 1763 1916 est

131 1952 183 2004 troit
197 1950 305 2006 rideant
323 1951 478 2005 universum
495 1966 579 2022 genus
600 1950 736 2006 bominum
759 1952 859 2008 diaboii
880 1951 920 2007 in·
971 1965 1041 2006 rere.
1061 1949 1125 2005 Ecce
1136 1951 1217 2004 ddum
1228 1951 1310 2019 {uetur
1321 1960 1356 2005 ert
1367 1951 1441 2018 quusi
1451 1966 1518 2004 unrrt
1531 1967 1563 2005 ea
1577 1951 1659 2005 nodis.
1675 1950 1763 2006 i'erlte

132 2041 211 2096 sidiis
224 2042 283 2096 sino
301 2044 453 2098 cessatione
469 2041 575 2097 tentari.
593 2041 646 2097 Cur
661 2048 688 2096 et
710 2042 766 2097 Ιεεε
789 2042 920 2111 permittit
972 2041 1019 2097 bei
1033 2050 1096 2098 sum
1112 2041 1180 2108 baec,
1197 2056 1249 2095 non
1266 2051 1319 2095 tam
1345 2041 1398 2095 ibis
1416 2041 1580 2106 insultantis.
1599 2055 1679 2109 quarn
1705 2055 1763 2096 εει·

131 2129 213 2197 boue,
230 2145 264 2186 an
278 2131 342 2200 quia
367 2131 496 2202 probatur
510 2131 612 2186 uirtus?
632 2130 661 2187 Si
677 2144 743 2200 ergo
760 2131 864 2190 loeutus
879 2143 920 2189 est
971 2143 1044 2191 terns
1059 2135 1143 2191 neira
1158 2134 1316 2204 superbiant
1330 2135 1503 2191 deterrentis.
1522 2133 1597 2201 erud
1609 2149 1662 2191 nan
1675 2134 1761 2189 solum

129 2234 243 2290 serpens
255 2220 372 2287 bomini,
391 2237 439 2276 cur
452 2221 526 2276 asina
538 2221 565 2276 in
577 2236 629 2291 pua
642 2221 756 2278 sedebat
766 2222 872 2278 balaam
884 2224 920 2280 lo·
974 2226 1055 2282 inerit
1067 2228 1153 2283 laetus
1167 2227 1253 2297 qrralis
1268 2227 1324 2282 lieri
1349 2227 1442 2294 soluit,
1464 2226 1514 2282 sed
1536 2239 1586 2283 noe
1610 2227 1675 2281 illud
1691 2226 1763 2296 arrad

130 2322 192 2369 tuta
206 2322 249 2370 est
262 2313 373 2380 bantini,
388 2315 437 2370 nisi
449 2315 509 2386 qrria
524 2315 587 2371 illud
600 2329 668 2385 opus
680 2316 728 2371 luit
738 2316 847 2384 diaboii,
858 2333 918 2375 oum
972 2317 1059 2373 laetus
1074 2319 1143 2383 init,
1162 2319 1343 2373 conservarit.
1369 2316 1404 2370 lit
1427 2317 1554 2371 ordinauit
1576 2315 1722 2383 dioniius,
1738 2326 1762 2372 et

131 2405 202 2460 istud
215 2405 378 2476 angelicum?
392 2404 542 2476 interrogat
553 2416 642 2461 autem
654 2420 776 2477 serpens.
789 2407 841 2463 Cur
854 2425 919 2479 pre·
969 2411 1116 2480 flammeum
1129 2408 1254 2480 prodiero.
1268 2406 1323 2462 lloe
1337 2420 1385 2474 per
1398 2407 1525 2462 ooelestes
1536 2406 1629 2475 utique
1643 2414 1761 2475 potesta·

130 2496 196 2565 cepit
208 2495 278 2550 robis
294 2495 430 2563 Dominus,
450 2507 477 2550 et
490 2506 599 2551 cetera.
615 2493 648 2550 lit
669 2497 800 2568 respondit
815 2497 917 2566 mulier,
970 2508 1010 2553 tes
1024 2498 1105 2554 etiam
1117 2500 1144 2554 in
1160 2497 1284 2568 paradiso
1297 2496 1395 2550 risibili
1411 2495 1510 2550 laetum
1523 2509 1582 2551 esse
1595 2495 1760 2551 eredendum

129 2589 291 2657 etreliqua,
307 2599 336 2644 ut
350 2587 534 2658 pravaricatio
545 2597 618 2644 esset
641 2588 840 2645 inexcusabilis.
853 2589 917 2645 Eri·
969 2602 1020 2649 est.
1031 2591 1160 2661 Quodque
1177 2590 1254 2655 dicit,
1270 2587 1311 2644 Ne
1323 2591 1389 2660 sorte
1400 2587 1539 2658 aliquando
1556 2589 1639 2641 mittat
1654 2603 1760 2641 ntorum

128 2666 234 2723 densior
247 2675 290 2722 0⁵¹
302 2667 373 2723 ‘iiim
389 2668 576 2736 ii'iiisssfisssiO·
589 2667 652 2722 ‘¹⁰¹¹'
670 2678 802 2738 limidi
814 2683 917 2725 memu-
968 2697 1053 2746 suunt,
1077 2689 1102 2735 rt
1115 2690 1229 2735 assumat
1243 2683 1320 2734 etiam
1342 2678 1374 2732 de
1388 2679 1458 2751 liutto
1473 2681 1540 2742 aitte,
1554 2677 1677 2733 ostendit
1690 2678 1756 2749 quia

128 2758 168 2813 ιιι
185 2759 345 2815 diffinibilis·
363 2757 442 2813 Ειὶιιι
462 2759 527 2814 ‘iili‘
542 2759 589 2824 dib
612 2767 638 2814 0¹
663 2758 775 2830 libili·
792 2761 918 2818 Videmus
968 2774 1085 2844 separari
1100 2772 1217 2828 debuita
1230 2770 1302 2841 ligno
1317 2770 1390 2836 rita,
1411 2771 1473 2840 qnia
1488 2769 1621 2825 alienatus
1634 2767 1722 2822 iuerat
1742 2781 1758 2822 a

127 2853 172 2907 liis
193 2853 283 2909 rerbis
300 2852 427 2922 superbia
442 2866 599 2921 persuasum
621 2867 681 2908 esso
704 2863 853 2923 peecatum.
876 2856 917 2911 nd
969 2856 1186 2915 rita.'tlieuatus
1201 2859 1292 2929 utique
1304 2857 1366 2914 inde
1380 2855 1430 2913 luit
1443 2857 1598 2926 moriturus,
1610 2856 1653 2912 rel
1673 2855 1758 2910 etiam

127 2943 179 2999 boe
198 2945 269 2999 enim
292 2945 364 3001 salet
387 2945 457 3013 nirod
478 2943 578 3000 dictum
602 2953 654 3013 εει,
683 2944 764 3001 britio
777 2947 843 3001 aient
867 2946 914 3002 dii,
970 2961 1096 3020 tauquam
1112 2951 1368 3014 excommunicatus,
1382 2948 1497 3019 reiquia
1513 2947 1637 3016 ambigua
1656 2944 1759 3002 locutio

126 3037 202 3105 ιιιοι
216 3044 303 3090 suram
315 3036 391 3097 arcti,
409 3033 577 3105 Νιειιειιιι
589 3045 670 3089 moin
683 3037 837 3103 mutentur,
854 3051 915 3105 ner·
971 3053 1022 3112 esu,
1046 3043 1185 3112 pereussa
1198 3042 1308 3111 intelligi
1323 3059 1329 3095 :
1355 3041 1386 3096 ει
1400 3039 1473 3097 mrsu
1487 3040 1560 3096 rtrum
1572 3038 1606 3094 st
1622 3039 1691 3095 trans
1707 3038 1759 3094 nit·

125 3129 192 3182 tinet
205 3125 238 3181 ad
254 3126 279 3180 id
294 3125 538 3196 israelitaruman,
557 3125 624 3189 Quia
634 3125 745 3180 meritae
757 3136 802 3193 ert,
812 3137 836 3181 et
847 3137 917 3188 εειεν
971 3135 1079 3199 sertam,
1095 3134 1118 3188 st
1133 3133 1202 3188 torre
1221 3133 1354 3203 potuisset
1371 3141 1431 3200 post
1445 3130 1550 3186 labores
1563 3130 1643 3186 edere
1658 3129 1755 3185 iterum

126 3218 208 3272 iiiiii·
227 3215 305 3270 Dedit
317 3217 371 3270 ιῑιι
390 3231 448 3280 ιιι,
464 3216 507 3270 ιιι
523 3214 677 3285 definibili
693 3229 746 3270 ¹¹⁰⁰
763 3230 829 3286 (ιβιδ
842 3217 915 3285 mi.
970 3226 1004 3282 de
1015 3227 1086 3295 ligna
1097 3225 1168 3289 sitm,
1180 3232 1207 3278 et
1223 3224 1312 3278 rirere
1327 3223 1354 3277 in
1368 3221 1673 3278 :eternumldrotuutern
1688 3229 1757 3276 uter·

128 3307 191 3378 quia
206 3305 278 3361 illam
295 3319 328 3361 εο
351 3305 412 3360 cibo
427 3321 480 3359 uon
504 3319 564 3360 esse
579 3315 710 3359 mortuam
731 3309 866 3362 cernebat.
884 3308 917 3363 lt't
968 3334 1018 3390 qno
1031 3317 1127 3382 nudus,
1141 3326 1169 3370 et
1189 3315 1302 3385 reliqua.
1321 3313 1463 3372 Sciendum
1478 3322 1530 3380 est,
1546 3315 1569 3368 si
1583 3313 1671 3369 restiti
1693 3312 1756 3368 inie-

126 3398 209 3468 operti
222 3407 281 3451 aurit
297 3395 365 3451 ocuti
388 3396 532 3461 autberum,
546 3399 671 3466 qrroniam
691 3411 721 3452 se
745 3397 778 3452 ad
801 3398 916 3455 inrieem
969 3418 1039 3476 sene,
1055 3410 1107 3464 dict
1119 3408 1214 3479 possis,
1231 3407 1323 3477 usique
1336 3415 1435 3477 potest,
1449 3405 1496 3460 eea
1507 3405 1670 3460 innocentia,
1692 3404 1759 3460 sep.

126 3487 368 3558 eonerrpisoendum
395 3486 428 3541 ad
454 3500 560 3555 poenam
585 3487 697 3555 peceati,
733 3486 821 3542 earnis
844 3487 918 3544 illins
969 3505 1035 3560 pens
1055 3487 1219 3557 aserpendu
1237 3486 1344 3542 dieitur.
1369 3485 1470 3541 ideireo
1485 3499 1548 3540 rero
1565 3484 1598 3539 ad
1612 3483 1757 3538 mulierem

127 3589 242 3638 mortem
253 3589 399 3651 acceptam.
413 3578 577 3635 destruerunt
586 3579 647 3650 {olio
657 3579 767 3648 ficiord
780 3579 916 3651 glorianda
969 3583 1093 3638 diabolus
1108 3581 1235 3652 loquitur,
1254 3581 1315 3651 qtria
1326 3578 1391 3635 ridit
1402 3581 1473 3650 qrrod
1488 3579 1627 3634 mulierem
1645 3578 1757 3635 seduco·

128 3674 314 3740 deseruerunt‚
331 3671 453 3742 pudenda
470 3679 604 3727 texerant.
621 3671 661 3726 dd
671 3687 814 3740 eruperunt,
830 3683 858 3728 et
872 3688 915 3728 rs·
968 3681 1020 3738 ret,
1034 3680 1061 3728 et
1076 3689 1129 3728 non
1144 3670 1230 3727 uirum
1246 3672 1303 3727 sire
1316 3671 1379 3742 qrria
1390 3672 1477 3726 rirmn
1492 3677 1596 3724 ratitum
1607 3668 1641 3723 ad
1661 3667 1757 3723 simili·

129 3765 212 3835 liqna.
228 3763 494 3831 Quiadeieeerunto
511 3762 917 3830 tuoererirausutsconderuu
969 3764 1087 3820 tudinem
1115 3764 1160 3819 bei
1189 3763 1332 3819 lormatum
1357 3762 1469 3832 putarit,
1486 3769 1515 3817 et
1540 3776 1593 3817 non
1616 3759 1756 3815 leminam.

128 3870 167 3921 εε,
182 3862 210 3910 ει
231 3853 343 3923 reliqua.
358 3852 417 3909 lion
431 3853 562 3909 miremur
579 3852 636 3910 btee
657 3854 725 3921 deri,
741 3869 802 3925 nuto
819 3855 915 3912 similia
957 3855 1020 3911 ¹Cirr
1032 3856 1153 3925 proecepit
1172 3853 1242 3909 robis
1255 3852 1392 3917 boninus,
1407 3863 1434 3908 et
1456 3852 1568 3922 reliqua.
1592 3851 1654 3906 llaec
1670 3851 1756 3918 primo

126 3958 189 4002 tunt
211 3947 352 4002 dementiae
377 3961 425 4016 per
440 3946 551 4001 rrirnlum
574 3946 703 4016 pudorem
729 3957 757 4003 et
779 3949 914 4005 timorem.
968 3947 1181 4017 interrogatioin
1195 3945 1247 4000 boo
1260 3944 1360 3999 murrdo
1380 3943 1463 3999 luisse
1477 3944 1585 4000 dieitur.
1598 3942 1625 3998 ln
1641 3956 1674 3997 eo
1692 3956 1757 3998 retu

129 4036 304 4093 dotaretur
328 4036 492 4107 increpantis
513 4046 565 4104 εει,
587 4037 800 4108 nonipnmoutir
819 4037 914 4104 abeo.
967 4040 1036 4111 qrrod
1057 4040 1132 4104 dicit,
1156 4037 1327 4108 Nequaquam
1353 4045 1435 4090 morte
1455 4035 1607 4104 moriemini,
1639 4047 1756 4104 primurn

128 4149 177 4202 per
198 4130 484 4198 rirumedlerninam,
500 4140 665 4201 macerrima
682 4131 789 4187 diabolo
811 4147 860 4202 per
878 4132 917 4188 le-
967 4130 1134 4187 mendacium
1159 4129 1292 4185 similiter.
1318 4128 1445 4184 Diabolus
1475 4138 1564 4183 autern
1591 4125 1693 4180 ideirco
1724 4125 1758 4179 de

130 4227 242 4292 minam,
264 4222 400 4280 adrirem
422 4222 554 4294 persenit.
581 4223 614 4278 Et
628 4223 698 4279 sient
712 4224 855 4294 primatum
875 4225 916 4280 rir
967 4224 1038 4293 liguo
1063 4221 1182 4278 seiemiae
1211 4221 1273 4276 boni
1293 4227 1321 4276 et
1345 4221 1406 4275 mali
1432 4218 1669 4280 ειίεἰιεεεεεεειεεε,
1695 4216 1759 4285 quit

129 4317 220 4384 trabat,
236 4315 271 4371 ita
286 4314 361 4387 prius
381 4313 571 4386 interrogatur.
600 4313 697 4368 delier
719 4331 794 4385 orrum
821 4317 916 4370 dedisti
968 4317 1096 4372 boninus
1121 4314 1258 4384 probibuit
1287 4313 1362 4370 illud.
1394 4311 1520 4368 biabolus
1548 4311 1619 4366 enim
1649 4322 1759 4378 serutper

126 4407 200 4473 mibi,
215 4416 241 4463 et
256 4406 368 4476 relique.
387 4405 516 4477 Superbia
541 4420 675 4476 utinquam
690 4405 769 4470 elisit,
793 4405 914 4461 Ρεεεεει.
967 4415 1061 4463 εεειεε
1075 4405 1178 4461 Cbristi
1194 4404 1319 4459 mandata
1334 4403 1429 4459 stradet
1444 4446 1452 4469 ‚
1469 4403 1514 4471 nui
1529 4401 1591 4456 indo
1604 4399 1686 4455 etiam
1708 4399 1759 4455 Sa·

128 4500 247 4569 benssquo
259 4498 356 4553 mulier
368 4513 421 4554 non
436 4496 517 4563 dixit,
530 4496 643 4555 Sedurlt
655 4499 744 4551 mei:
761 4497 807 4551 sed
821 4497 913 4552 mulier
930 4457 1043 4551 Dianas
1058 4495 1157 4551 dieitur
1170 4498 1332 4551 contrarius.
1349 4492 1383 4547 lit
1397 4494 1466 4548 eritis
1481 4503 1509 4546 ut
1531 4492 1578 4547 dii.
1600 4490 1648 4546 llio
1669 4489 1758 4559 primu

126 4608 203 4658 quam
216 4591 309 4647 dedisti
322 4592 398 4659 aiibi,
415 4592 569 4660 etreliqua.
585 4589 681 4646 blulier
693 4598 783 4645 autem
799 4590 914 4646 iuterro-
966 4588 1055 4642 unitus
1077 4586 1212 4653 dividitur;
1228 4594 1256 4642 et
1270 4586 1313 4640 irio
1332 4584 1412 4641 etiarn
1426 4586 1511 4656 primo
1531 4583 1685 4640 idololatria
1697 4593 1756 4638 orta

127 4693 188 4754 pata
203 4683 240 4737 ait
256 4682 389 4752 :serpens
401 4682 500 4752 derepit
515 4697 564 4736 ειε.
587 4681 620 4735 lit
640 4680 675 4735 ob
695 4679 746 4735 boe
770 4679 913 4749 Apostolus
966 4690 1017 4738 est.
1034 4679 1110 4747 Quod
1127 4679 1223 4734 mulier
1249 4679 1358 4734 seducta
1378 4689 1429 4744 est,
1451 4688 1477 4732 et
1501 4690 1553 4731 non
1573 4675 1670 4741 ditoni,
1699 4688 1758 4728 arn·

128 4776 177 4841 ait,
197 4773 280 4828 ddum
294 4789 344 4827 non
356 4782 392 4827 ert
418 4773 548 4837 rediretur,
571 4771 662 4824 nrutier
682 4769 786 4824 seducte
811 4778 856 4823 ert.
874 4769 914 4822 dn
967 4772 1053 4827 bobus
1069 4780 1157 4825 tamen
1171 4768 1349 4825 sortientibus
1364 4780 1480 4839 poeuam,
1496 4767 1660 4822 assimilatur
1674 4765 1712 4831 ei,
1725 4780 1759 4822 εε

129 4875 271 4937 propterea
296 4865 394 4920 muller
417 4862 528 4918 seducta
544 4870 585 4918 est
597 4861 657 4933 quia
673 4860 747 4931 parri
761 4861 914 4916 intellectus
967 4863 990 4919 ti
1004 4863 1102 4934 aliquis
1113 4861 1140 4916 in
1155 4870 1288 4917 contentu
1306 4859 1454 4923 laberetur,
1471 4859 1539 4913 alter
1559 4867 1651 4912 autent
1670 4870 1759 4912 rema·

126 4968 209 5022 esset,
223 4964 251 5010 ιι
272 4955 334 5009 Ιιιιιι
351 4968 404 5009 ιιιιι
419 4952 511 5007 tribuit
533 4951 570 5007 5¹¹5
597 4950 743 5019 ΑΡιιιιθΙιιι
767 4948 912 5018 imaginem
967 4963 1043 5011 neret
1055 4954 1129 5010 domi
1145 4967 1152 5007 ε
1168 4953 1216 5009 sed
1229 4961 1318 5007 tamen
1332 4950 1386 5006 duo
1400 4949 1532 5005 sentirent
1546 4949 1685 5012 duranum,
1707 4946 1758 5002 lal-

127 5047 191 5103 ttett
204 5046 248 5102 su
258 5046 329 5100 enim
341 5045 380 5098 ait
395 5061 400 5096 :
420 5041 464 5097 Vir
477 5043 578 5112 (εεεειεεεε
591 5058 644 5094 nou
654 5041 728 5094 delet
740 5042 825 5094 rotare
834 5049 913 5109 eaput
967 5046 1033 5102 lapis
1050 5054 1138 5101 tamen
1164 5042 1243 5100 alteri
1267 5049 1447 5112 reputaretur.
1464 5041 1519 5094 Era
1534 5048 1623 5094 autern
1636 5038 1666 5093 in
1679 5039 1758 5109 quiri·

125 5154 210 5203 terunt,
223 5152 280 5190 ctum
292 5138 323 5190 tit
336 5136 420 5205 ιἰιιιεςιο
438 5144 462 5187 et
471 5132 555 5203 pieria
574 5129 631 5184 bei.
649 5130 745 5185 dittiiet'
758 5141 844 5184 εεειεειε
856 5131 914 5200 qid-
965 5151 1018 5206 (prro
1031 5136 1112 5192 rebus
1126 5134 1246 5204 peccarit
1258 5151 1265 5188 ς
1281 5133 1307 5188 id
1323 5142 1376 5199 est,
1390 5133 1416 5186 in
1431 5131 1568 5195 suasione,
1584 5130 1610 5184 in
1636 5129 1757 5184 delecta.

124 5233 164 5286 rio
176 5231 224 5285 riri
233 5240 279 5285 ert.
296 5228 354 5285 lion
375 5227 447 5298 quod
462 5241 539 5281 nrerrs
556 5225 661 5279 lonrinae
675 5223 801 5278 eanrdorn
816 5223 912 5293 insagi-
966 5229 1049 5293 tione,
1060 5239 1202 5294 consensu,
1224 5225 1350 5290 elatione,
1362 5222 1389 5279 id
1402 5234 1454 5289 εει,
1466 5222 1492 5276 in
1507 5221 1638 5286 scientia;
1658 5227 1687 5274 ut
1703 5225 1757 5285 est,

126 5337 187 5379 nem
200 5334 361 5391 eaperenon
382 5319 477 5390 possit,
491 5315 539 5372 sod
567 5314 682 5370 lortasso
696 5309 740 5369 ilia
756 5311 911 5368 linearibus
968 5317 1082 5374 Scienter
1097 5316 1190 5370 bonum
1213 5324 1237 5370 et
1257 5315 1365 5368 molunt.
1397 5312 1425 5368 ln
1448 5310 1583 5383 superbia,
1602 5319 1631 5366 ut
1653 5317 1705 5373 est,
1724 5305 1757 5362 tir

126 5414 244 5469 norrdurn
269 5411 388 5483 percepit
408 5409 478 5480 urard
503 5409 536 5463 ab
551 5406 740 5478 insagine·liei
762 5414 790 5460 et
810 5419 826 5459 ε
851 5404 909 5459 tiro
967 5408 1038 5462 eritir
1061 5408 1126 5461 sieut
1141 5407 1190 5462 dii.
1204 5405 1293 5475 riperti
1321 5413 1380 5458 srrrt
1394 5404 1473 5469 oculi,
1499 5402 1527 5458 id
1553 5410 1605 5468 est,
1627 5416 1642 5455 ε
1666 5398 1755 5470 eulpa.

126 5515 332 5576 regentemque
353 5506 526 5576 dispensante
541 5502 628 5556 luerat
649 5498 775 5570 paulatim
800 5510 914 5568 pereep-
967 5497 1050 5568 Culps
1063 5501 1135 5554 enim
1157 5499 1264 5561 illorum
1289 5498 1383 5554 oeulos
1397 5495 1504 5566 aperuit
1521 5507 1589 5566 quos
1604 5489 1757 5546 intumentia

124 5605 193 5652 turo.
216 5599 326 5668 supere
350 5600 448 5670 decepit
471 5612 518 5651 me.
543 5593 792 5666 edomationem
820 5593 911 5647 sunio
965 5589 1070 5648 elarrsit.
1094 5589 1205 5660 apertuit
1228 5598 1327 5655 autem,
1356 5587 1382 5646 id
1398 5599 1452 5656 εει,
1471 5594 1500 5643 ει
1525 5583 1649 5641 riderent
1674 5580 1756 5639 otiam

161 5712 177 5744 ἰ
191 5709 270 5766 Forte
284 5711 439 5771 latendum:
454 5710 566 5782 Denique
582 5724 631 5763 riou
648 5707 723 5778 dirit,
746 5706 852 5760 tirason
868 5716 981 5760 serunt
992 5717 1038 5758 tte.
1056 5700 1123 5757 lidit.

1761 5810 1785 5851 ,ε’
