<?xml version="1.0" encoding="UTF-8"?>
<!DOCTYPE html PUBLIC "-//W3C//DTD XHTML 1.0 Transitional//EN"
    "http://www.w3.org/TR/xhtml1/DTD/xhtml1-transitional.dtd">
<html xmlns="http://www.w3.org/1999/xhtml" xml:lang="en" lang="en">
 <head>
  <title>
</title>
<meta http-equiv="Content-Type" content="text/html;charset=utf-8" />
  <meta name='ocr-system' content='tesseract 3.04.00' />
  <meta name='ocr-capabilities' content='ocr_page ocr_carea ocr_par ocr_line ocrx_word'/>
</head>
<body>
  <div class='ocr_page' id='page_1' title='image "./patrologiaecurs73unkngoog/patrologiaecurs73unkngoog_0612.png"; bbox 0 0 3794 6120; ppageno 0'>
   <div class='ocr_carea' id='block_1_1' title="bbox 138 232 1776 302">
    <p class='ocr_par' dir='ltr' id='par_1_1' title="bbox 138 232 1776 302">
     <span class='ocr_line' id='line_1_1' title="bbox 138 232 1776 302; baseline 0 -5"><span class='ocrx_word' id='word_1_1' title='bbox 138 237 205 298; x_wconf 82' lang='lat' dir='ltr'><strong>lto&#39;t</strong></span> <span class='ocrx_word' id='word_1_2' title='bbox 386 235 487 294; x_wconf 66' lang='lat' dir='ltr'><strong>hehe</strong></span> <span class='ocrx_word' id='word_1_3' title='bbox 504 232 735 294; x_wconf 76' lang='lat' dir='ltr'><strong>hessnsututs</strong></span> <span class='ocrx_word' id='word_1_4' title='bbox 753 236 894 294; x_wconf 78' lang='lat' dir='ltr'><strong>presunt</strong></span> <span class='ocrx_word' id='word_1_5' title='bbox 916 234 1005 293; x_wconf 61' lang='lat' dir='ltr'><strong>uitus</strong></span> <span class='ocrx_word' id='word_1_6' title='bbox 1025 235 1057 291; x_wconf 84' lang='lat' dir='ltr'><strong>ll.</strong></span> <span class='ocrx_word' id='word_1_7' title='bbox 1076 256 1112 278; x_wconf 68' lang='lat'><strong>..</strong></span> <span class='ocrx_word' id='word_1_8' title='bbox 1131 235 1326 295; x_wconf 73' lang='lat' dir='ltr'><strong>execution</strong></span> <span class='ocrx_word' id='word_1_9' title='bbox 1345 237 1507 295; x_wconf 64' lang='lat' dir='ltr'><strong>cephira.</strong></span> <span class='ocrx_word' id='word_1_10' title='bbox 1697 243 1776 302; x_wconf 62' lang='lat' dir='ltr'><strong>liti.-</strong></span> 
     </span>
    </p>
   </div>
   <div class='ocr_carea' id='block_1_2' title="bbox 125 350 1773 5734">
    <p class='ocr_par' dir='ltr' id='par_1_2' title="bbox 127 350 1773 3711">
     <span class='ocr_line' id='line_1_2' title="bbox 135 350 1773 427; baseline 0.005 -19"><span class='ocrx_word' id='word_1_11' title='bbox 135 354 201 408; x_wconf 82' lang='lat' dir='ltr'><strong>tlant</strong></span> <span class='ocrx_word' id='word_1_12' title='bbox 226 351 270 424; x_wconf 81' lang='lat' dir='ltr'><strong>qni</strong></span> <span class='ocrx_word' id='word_1_13' title='bbox 296 350 322 407; x_wconf 92' lang='lat' dir='ltr'><strong>in</strong></span> <span class='ocrx_word' id='word_1_14' title='bbox 349 352 433 416; x_wconf 84' lang='lat' dir='ltr'><strong>ascia,</strong></span> <span class='ocrx_word' id='word_1_15' title='bbox 455 351 494 405; x_wconf 85' lang='lat' dir='ltr'><strong>vol</strong></span> <span class='ocrx_word' id='word_1_16' title='bbox 519 350 656 421; x_wconf 80' lang='lat' dir='ltr'><strong>scalpello,</strong></span> <span class='ocrx_word' id='word_1_17' title='bbox 674 353 717 408; x_wconf 60' lang='lat' dir='ltr'><strong>trel</strong></span> <span class='ocrx_word' id='word_1_18' title='bbox 739 353 864 421; x_wconf 76' lang='lat' dir='ltr'>bipenne,</span> <span class='ocrx_word' id='word_1_19' title='bbox 880 353 921 408; x_wconf 86' lang='lat' dir='ltr'><strong>rel</strong></span> <span class='ocrx_word' id='word_1_20' title='bbox 938 360 959 413; x_wconf 72' lang='grc' dir='ltr'>Α</span> <span class='ocrx_word' id='word_1_21' title='bbox 974 368 1063 407; x_wconf 83' lang='lat' dir='ltr'><strong>rorem</strong></span> <span class='ocrx_word' id='word_1_22' title='bbox 1088 355 1235 419; x_wconf 85' lang='lat' dir='ltr'><strong>castitatis,</strong></span> <span class='ocrx_word' id='word_1_23' title='bbox 1259 371 1338 425; x_wconf 86' lang='lat' dir='ltr'><strong>quaa</strong></span> <span class='ocrx_word' id='word_1_24' title='bbox 1354 359 1526 427; x_wconf 70' lang='lat' dir='ltr'><strong>corruptione</strong></span> <span class='ocrx_word' id='word_1_25' title='bbox 1552 360 1652 426; x_wconf 76' lang='lat' dir='ltr'><strong>petati</strong></span> <span class='ocrx_word' id='word_1_26' title='bbox 1677 361 1773 417; x_wconf 76' lang='lat' dir='ltr'><strong>caruis</strong></span> 
     </span>
     <span class='ocr_line' id='line_1_3' title="bbox 136 441 1770 520; baseline 0.004 -19"><span class='ocrx_word' id='word_1_27' title='bbox 136 446 233 501; x_wconf 89' lang='lat' dir='ltr'><strong>malleo</strong></span> <span class='ocrx_word' id='word_1_28' title='bbox 255 451 391 514; x_wconf 89' lang='lat' dir='ltr'><strong>operatur,</strong></span> <span class='ocrx_word' id='word_1_29' title='bbox 407 451 435 497; x_wconf 89' lang='lat' dir='ltr'><strong>et</strong></span> <span class='ocrx_word' id='word_1_30' title='bbox 457 441 616 496; x_wconf 77' lang='lat' dir='ltr'>laboriosius</span> <span class='ocrx_word' id='word_1_31' title='bbox 640 444 724 498; x_wconf 94' lang='lat' dir='ltr'><strong>multo</strong></span> <span class='ocrx_word' id='word_1_32' title='bbox 746 452 884 513; x_wconf 76' lang='lat' dir='ltr'><strong>operatur,</strong></span> <span class='ocrx_word' id='word_1_33' title='bbox 898 452 925 497; x_wconf 93' lang='lat' dir='ltr'><strong>et</strong></span> <span class='ocrx_word' id='word_1_34' title='bbox 977 444 1102 499; x_wconf 89' lang='lat' dir='ltr'><strong>innnnnis</strong></span> <span class='ocrx_word' id='word_1_35' title='bbox 1127 447 1153 500; x_wconf 92' lang='lat' dir='ltr'><strong>in</strong></span> <span class='ocrx_word' id='word_1_36' title='bbox 1173 462 1254 503; x_wconf 82' lang='lat' dir='ltr'><strong>rante</strong></span> <span class='ocrx_word' id='word_1_37' title='bbox 1274 451 1433 517; x_wconf 87' lang='lat' dir='ltr'><strong>permansit,</strong></span> <span class='ocrx_word' id='word_1_38' title='bbox 1448 450 1555 504; x_wconf 88' lang='lat' dir='ltr'><strong>indicat.</strong></span> <span class='ocrx_word' id='word_1_39' title='bbox 1572 450 1710 520; x_wconf 74' lang='lat' dir='ltr'><strong>sapphiri,</strong></span> <span class='ocrx_word' id='word_1_40' title='bbox 1723 467 1770 509; x_wconf 85' lang='lat' dir='ltr'><strong>su-</strong></span> 
     </span>
     <span class='ocr_line' id='line_1_4' title="bbox 134 536 1768 610; baseline 0.002 -16"><span class='ocrx_word' id='word_1_41' title='bbox 134 538 231 594; x_wconf 89' lang='lat' dir='ltr'><strong>crehra</strong></span> <span class='ocrx_word' id='word_1_42' title='bbox 245 537 413 607; x_wconf 87' lang='lat' dir='ltr'><strong>appositione</strong></span> <span class='ocrx_word' id='word_1_43' title='bbox 424 549 525 589; x_wconf 73' lang='lat' dir='ltr'><strong>normae</strong></span> <span class='ocrx_word' id='word_1_44' title='bbox 539 551 571 590; x_wconf 87' lang='lat' dir='ltr'><strong>ae</strong></span> <span class='ocrx_word' id='word_1_45' title='bbox 581 536 672 591; x_wconf 93' lang='lat' dir='ltr'><strong>solertl</strong></span> <span class='ocrx_word' id='word_1_46' title='bbox 686 537 926 605; x_wconf 88' lang='lat' dir='ltr'><strong>circumspectione</strong></span> <span class='ocrx_word' id='word_1_47' title='bbox 976 536 1133 591; x_wconf 90' lang='lat' dir='ltr'><strong>hlitnitatem</strong></span> <span class='ocrx_word' id='word_1_48' title='bbox 1149 537 1277 593; x_wconf 82' lang='lat' dir='ltr'><strong>rirtmnm</strong></span> <span class='ocrx_word' id='word_1_49' title='bbox 1291 540 1454 604; x_wconf 81' lang='lat' dir='ltr'><strong>coelestium,</strong></span> <span class='ocrx_word' id='word_1_50' title='bbox 1467 541 1563 610; x_wconf 84' lang='lat' dir='ltr'><strong>quihus</strong></span> <span class='ocrx_word' id='word_1_51' title='bbox 1577 541 1603 595; x_wconf 89' lang='lat' dir='ltr'><strong>io</strong></span> <span class='ocrx_word' id='word_1_52' title='bbox 1616 557 1700 597; x_wconf 85' lang='lat' dir='ltr'><strong>earne</strong></span> <span class='ocrx_word' id='word_1_53' title='bbox 1715 543 1768 598; x_wconf 64' lang='lat' dir='ltr'><strong>lul⁶</strong></span> 
     </span>
     <span class='ocr_line' id='line_1_5' title="bbox 133 626 1769 706; baseline 0.004 -24"><span class='ocrx_word' id='word_1_54' title='bbox 133 628 292 690; x_wconf 90' lang='lat' dir='ltr'><strong>oculorum,</strong></span> <span class='ocrx_word' id='word_1_55' title='bbox 308 640 342 681; x_wconf 86' lang='lat' dir='ltr'><strong>ne</strong></span> <span class='ocrx_word' id='word_1_56' title='bbox 357 634 455 680; x_wconf 89' lang='lat' dir='ltr'><strong>turtum</strong></span> <span class='ocrx_word' id='word_1_57' title='bbox 471 626 560 692; x_wconf 83' lang='lat' dir='ltr'><strong>lactat,</strong></span> <span class='ocrx_word' id='word_1_58' title='bbox 579 627 688 698; x_wconf 77' lang='lat' dir='ltr'><strong>itnlipet.</strong></span> <span class='ocrx_word' id='word_1_59' title='bbox 716 629 750 683; x_wconf 87' lang='lat' dir='ltr'><strong>ttt</strong></span> <span class='ocrx_word' id='word_1_60' title='bbox 768 629 813 697; x_wconf 82' lang='lat' dir='ltr'><strong>(pti</strong></span> <span class='ocrx_word' id='word_1_61' title='bbox 829 628 856 683; x_wconf 93' lang='lat' dir='ltr'><strong>in</strong></span> <span class='ocrx_word' id='word_1_62' title='bbox 868 630 923 683; x_wconf 89' lang='lat' dir='ltr'><strong>eir·</strong></span> <span class='ocrx_word' id='word_1_63' title='bbox 973 628 1071 696; x_wconf 75' lang='lat' dir='ltr'><strong>poliat,</strong></span> <span class='ocrx_word' id='word_1_64' title='bbox 1095 629 1258 697; x_wconf 86' lang='lat' dir='ltr'><strong>exprimunt.</strong></span> <span class='ocrx_word' id='word_1_65' title='bbox 1290 629 1391 697; x_wconf 70' lang='lat' dir='ltr'><strong>Venta,</strong></span> <span class='ocrx_word' id='word_1_66' title='bbox 1419 633 1503 701; x_wconf 77' lang='lat' dir='ltr'><strong>intonit</strong></span> <span class='ocrx_word' id='word_1_67' title='bbox 1514 671 1523 696; x_wconf 90' lang='lat'><strong>,</strong></span> <span class='ocrx_word' id='word_1_68' title='bbox 1536 632 1663 687; x_wconf 75' lang='lat' dir='ltr'><strong>chorraeus</strong></span> <span class='ocrx_word' id='word_1_69' title='bbox 1682 639 1769 706; x_wconf 75' lang='lat' dir='ltr'><strong>ejas,</strong></span> 
     </span>
     <span class='ocr_line' id='line_1_6' title="bbox 133 716 1770 793; baseline 0.003 -19"><span class='ocrx_word' id='word_1_70' title='bbox 133 719 365 784; x_wconf 87' lang='lat' dir='ltr'><strong>cinotornnt,non</strong></span> <span class='ocrx_word' id='word_1_71' title='bbox 389 716 539 772; x_wconf 84' lang='lat' dir='ltr'><strong>extrinseca</strong></span> <span class='ocrx_word' id='word_1_72' title='bbox 551 728 612 787; x_wconf 84' lang='lat' dir='ltr'><strong>eget</strong></span> <span class='ocrx_word' id='word_1_73' title='bbox 627 720 924 789; x_wconf 78' lang='lat' dir='ltr'><strong>regttla:sedinseipso</strong></span> <span class='ocrx_word' id='word_1_74' title='bbox 973 717 1103 772; x_wconf 79' lang='lat' dir='ltr'><strong>distinctus</strong></span> <span class='ocrx_word' id='word_1_75' title='bbox 1122 719 1263 787; x_wconf 79' lang='lat' dir='ltr'><strong>sapphiris.</strong></span> <span class='ocrx_word' id='word_1_76' title='bbox 1292 720 1329 774; x_wconf 83' lang='lat' dir='ltr'><strong>hc</strong></span> <span class='ocrx_word' id='word_1_77' title='bbox 1354 721 1377 774; x_wconf 84' lang='lat' dir='ltr'><strong>si</strong></span> <span class='ocrx_word' id='word_1_78' title='bbox 1402 731 1498 790; x_wconf 86' lang='lat' dir='ltr'><strong>aperte</strong></span> <span class='ocrx_word' id='word_1_79' title='bbox 1519 721 1604 785; x_wconf 89' lang='lat' dir='ltr'><strong>dicat,</strong></span> <span class='ocrx_word' id='word_1_80' title='bbox 1622 722 1642 776; x_wconf 82' lang='lat' dir='ltr'>F</span> <span class='ocrx_word' id='word_1_81' title='bbox 1645 724 1770 793; x_wconf 72' lang='lat' dir='ltr'><strong>ragttttas</strong></span> 
     </span>
     <span class='ocr_line' id='line_1_7' title="bbox 132 806 1767 879; baseline 0.006 -19"><span class='ocrx_word' id='word_1_82' title='bbox 132 823 186 875; x_wconf 78' lang='lat' dir='ltr'><strong>otro</strong></span> <span class='ocrx_word' id='word_1_83' title='bbox 206 809 290 863; x_wconf 92' lang='lat' dir='ltr'><strong>utitur</strong></span> <span class='ocrx_word' id='word_1_84' title='bbox 312 806 474 863; x_wconf 77' lang='lat' dir='ltr'><strong>ferramento</strong></span> <span class='ocrx_word' id='word_1_85' title='bbox 500 809 674 863; x_wconf 85' lang='lat' dir='ltr'><strong>directionem</strong></span> <span class='ocrx_word' id='word_1_86' title='bbox 701 812 741 864; x_wconf 83' lang='lat' dir='ltr'><strong>sui</strong></span> <span class='ocrx_word' id='word_1_87' title='bbox 765 825 924 866; x_wconf 84' lang='lat' dir='ltr'><strong>consecrare</strong></span> <span class='ocrx_word' id='word_1_88' title='bbox 973 808 1080 877; x_wconf 81' lang='lat' dir='ltr'><strong>ouitlem</strong></span> <span class='ocrx_word' id='word_1_89' title='bbox 1107 811 1133 863; x_wconf 93' lang='lat' dir='ltr'><strong>in</strong></span> <span class='ocrx_word' id='word_1_90' title='bbox 1160 810 1207 865; x_wconf 92' lang='lat' dir='ltr'><strong>illo</strong></span> <span class='ocrx_word' id='word_1_91' title='bbox 1234 810 1391 865; x_wconf 80' lang='lat' dir='ltr'><strong>substantie</strong></span> <span class='ocrx_word' id='word_1_92' title='bbox 1416 813 1537 868; x_wconf 91' lang='lat' dir='ltr'><strong>mortalis</strong></span> <span class='ocrx_word' id='word_1_93' title='bbox 1560 828 1622 868; x_wconf 81' lang='lat' dir='ltr'><strong>vera</strong></span> <span class='ocrx_word' id='word_1_94' title='bbox 1637 816 1767 879; x_wconf 85' lang='lat' dir='ltr'><strong>erit,setl</strong></span> 
     </span>
     <span class='ocr_line' id='line_1_8' title="bbox 134 897 1767 974; baseline 0.007 -26"><span class='ocrx_word' id='word_1_95' title='bbox 134 897 205 954; x_wconf 79' lang='lat' dir='ltr'><strong>valet</strong></span> <span class='ocrx_word' id='word_1_96' title='bbox 223 897 324 966; x_wconf 86' lang='lat' dir='ltr'><strong>operis.</strong></span> <span class='ocrx_word' id='word_1_97' title='bbox 350 899 443 952; x_wconf 79' lang='lat' dir='ltr'><strong>Manus</strong></span> <span class='ocrx_word' id='word_1_98' title='bbox 468 912 532 967; x_wconf 76' lang='lat' dir='ltr'><strong>erpo</strong></span> <span class='ocrx_word' id='word_1_99' title='bbox 552 899 661 953; x_wconf 84' lang='lat' dir='ltr'><strong>llorn&#39;nri</strong></span> <span class='ocrx_word' id='word_1_100' title='bbox 685 900 825 956; x_wconf 85' lang='lat' dir='ltr'><strong>tornatiles</strong></span> <span class='ocrx_word' id='word_1_101' title='bbox 848 911 921 963; x_wconf 92' lang='lat' dir='ltr'><strong>sunt,</strong></span> <span class='ocrx_word' id='word_1_102' title='bbox 973 898 1033 954; x_wconf 73' lang='lat' dir='ltr'><strong>baec</strong></span> <span class='ocrx_word' id='word_1_103' title='bbox 1048 902 1160 956; x_wconf 77' lang='lat' dir='ltr'><strong>lascivire</strong></span> <span class='ocrx_word' id='word_1_104' title='bbox 1176 903 1344 957; x_wconf 87' lang='lat' dir='ltr'><strong>mortalitatis</strong></span> <span class='ocrx_word' id='word_1_105' title='bbox 1360 903 1479 972; x_wconf 80' lang='lat' dir='ltr'><strong>ltrtttl&#39;ttus</strong></span> <span class='ocrx_word' id='word_1_106' title='bbox 1489 920 1597 974; x_wconf 79' lang='lat' dir='ltr'><strong>expers,</strong></span> <span class='ocrx_word' id='word_1_107' title='bbox 1613 907 1767 962; x_wconf 79' lang='lat' dir='ltr'><strong>divinornm</strong></span> 
     </span>
     <span class='ocr_line' id='line_1_9' title="bbox 131 989 1768 1068; baseline 0.006 -23"><span class='ocrx_word' id='word_1_108' title='bbox 131 992 192 1059; x_wconf 79' lang='lat' dir='ltr'><strong>nula</strong></span> <span class='ocrx_word' id='word_1_109' title='bbox 209 990 235 1044; x_wconf 92' lang='lat' dir='ltr'><strong>in</strong></span> <span class='ocrx_word' id='word_1_110' title='bbox 250 1000 373 1058; x_wconf 90' lang='lat' dir='ltr'><strong>promptu</strong></span> <span class='ocrx_word' id='word_1_111' title='bbox 387 989 468 1044; x_wconf 86' lang='lat' dir='ltr'><strong>babet</strong></span> <span class='ocrx_word' id='word_1_112' title='bbox 481 989 571 1043; x_wconf 85' lang='lat' dir='ltr'><strong>lacere</strong></span> <span class='ocrx_word' id='word_1_113' title='bbox 585 1006 646 1057; x_wconf 71' lang='lat' dir='ltr'><strong>quau</strong></span> <span class='ocrx_word' id='word_1_114' title='bbox 662 991 728 1053; x_wconf 87' lang='lat' dir='ltr'><strong>vult,</strong></span> <span class='ocrx_word' id='word_1_115' title='bbox 743 993 805 1059; x_wconf 80' lang='lat' dir='ltr'><strong>qnia</strong></span> <span class='ocrx_word' id='word_1_116' title='bbox 821 991 923 1046; x_wconf 88' lang='lat' dir='ltr'><strong>tlicitet</strong></span> <span class='ocrx_word' id='word_1_117' title='bbox 973 997 1060 1065; x_wconf 80' lang='lat' dir='ltr'><strong>potius</strong></span> <span class='ocrx_word' id='word_1_118' title='bbox 1083 1012 1193 1065; x_wconf 90' lang='lat' dir='ltr'><strong>operum</strong></span> <span class='ocrx_word' id='word_1_119' title='bbox 1219 997 1359 1065; x_wconf 86' lang='lat' dir='ltr'><strong>splendida</strong></span> <span class='ocrx_word' id='word_1_120' title='bbox 1386 996 1515 1052; x_wconf 84' lang='lat' dir='ltr'><strong>clarescet</strong></span> <span class='ocrx_word' id='word_1_121' title='bbox 1541 998 1700 1068; x_wconf 67' lang='lat' dir='ltr'><strong>insignibus.</strong></span> <span class='ocrx_word' id='word_1_122' title='bbox 1732 1002 1768 1055; x_wconf 69' lang='lat' dir='ltr'><strong>lit</strong></span> 
     </span>
     <span class='ocr_line' id='line_1_10' title="bbox 132 1079 1766 1159; baseline 0.007 -23"><span class='ocrx_word' id='word_1_123' title='bbox 132 1082 207 1136; x_wconf 88' lang='lat' dir='ltr'><strong>llnnt.</strong></span> <span class='ocrx_word' id='word_1_124' title='bbox 220 1081 340 1151; x_wconf 82' lang='lat' dir='ltr'><strong>[lenique</strong></span> <span class='ocrx_word' id='word_1_125' title='bbox 352 1081 418 1135; x_wconf 78' lang='lat' dir='ltr'><strong>dixit</strong></span> <span class='ocrx_word' id='word_1_126' title='bbox 429 1098 435 1133; x_wconf 92' lang='lat'>:</span> <span class='ocrx_word' id='word_1_127' title='bbox 448 1079 520 1134; x_wconf 83' lang='lat' dir='ltr'><strong>Tolle</strong></span> <span class='ocrx_word' id='word_1_128' title='bbox 530 1081 663 1150; x_wconf 75' lang='lat' dir='ltr'><strong>probatum</strong></span> <span class='ocrx_word' id='word_1_129' title='bbox 675 1092 756 1147; x_wconf 80' lang='lat' dir='ltr'><strong>tutior,</strong></span> <span class='ocrx_word' id='word_1_130' title='bbox 770 1092 794 1136; x_wconf 85' lang='grc' dir='ltr'><strong>ιι</strong></span> <span class='ocrx_word' id='word_1_131' title='bbox 807 1082 919 1137; x_wconf 79' lang='lat' dir='ltr'><strong>ambula.</strong></span> <span class='ocrx_word' id='word_1_132' title='bbox 972 1089 1082 1157; x_wconf 91' lang='lat' dir='ltr'><strong>pulchre</strong></span> <span class='ocrx_word' id='word_1_133' title='bbox 1095 1097 1215 1143; x_wconf 75' lang='lat' dir='ltr'><strong>uentrem</strong></span> <span class='ocrx_word' id='word_1_134' title='bbox 1230 1088 1289 1156; x_wconf 84' lang='lat' dir='ltr'><strong>ejus</strong></span> <span class='ocrx_word' id='word_1_135' title='bbox 1304 1097 1389 1143; x_wconf 88' lang='lat' dir='ltr'><strong>totum</strong></span> <span class='ocrx_word' id='word_1_136' title='bbox 1406 1090 1513 1156; x_wconf 84' lang='lat' dir='ltr'><strong>quidem</strong></span> <span class='ocrx_word' id='word_1_137' title='bbox 1534 1091 1699 1159; x_wconf 87' lang='lat' dir='ltr'><strong>eburneum,</strong></span> <span class='ocrx_word' id='word_1_138' title='bbox 1710 1110 1766 1148; x_wconf 83' lang='lat' dir='ltr'><strong>arua</strong></span> 
     </span>
     <span class='ocr_line' id='line_1_11' title="bbox 132 1173 1765 1247; baseline 0.006 -17"><span class='ocrx_word' id='word_1_139' title='bbox 132 1174 188 1231; x_wconf 79' lang='lat' dir='ltr'><strong>Nee</strong></span> <span class='ocrx_word' id='word_1_140' title='bbox 202 1191 284 1239; x_wconf 87' lang='lat' dir='ltr'><strong>mora,</strong></span> <span class='ocrx_word' id='word_1_141' title='bbox 296 1189 402 1242; x_wconf 85' lang='lat' dir='ltr'><strong>surperts</strong></span> <span class='ocrx_word' id='word_1_142' title='bbox 415 1173 517 1226; x_wconf 79' lang='lat' dir='ltr'><strong>sustulit</strong></span> <span class='ocrx_word' id='word_1_143' title='bbox 531 1173 665 1243; x_wconf 81' lang='lat' dir='ltr'><strong>probatam</strong></span> <span class='ocrx_word' id='word_1_144' title='bbox 675 1191 750 1227; x_wconf 84' lang='lat' dir='ltr'><strong>strum</strong></span> <span class='ocrx_word' id='word_1_145' title='bbox 764 1184 787 1228; x_wconf 85' lang='lat' dir='ltr'><strong>et</strong></span> <span class='ocrx_word' id='word_1_146' title='bbox 799 1174 921 1228; x_wconf 78' lang='lat' dir='ltr'><strong>ambula·</strong></span> <span class='ocrx_word' id='word_1_147' title='bbox 971 1191 1059 1232; x_wconf 85' lang='lat' dir='ltr'><strong>autern</strong></span> <span class='ocrx_word' id='word_1_148' title='bbox 1074 1187 1158 1232; x_wconf 88' lang='lat' dir='ltr'><strong>totum</strong></span> <span class='ocrx_word' id='word_1_149' title='bbox 1173 1177 1307 1247; x_wconf 82' lang='lat' dir='ltr'><strong>sapphiris</strong></span> <span class='ocrx_word' id='word_1_150' title='bbox 1318 1179 1454 1247; x_wconf 74' lang='lat' dir='ltr'><strong>reunitum,</strong></span> <span class='ocrx_word' id='word_1_151' title='bbox 1465 1179 1512 1235; x_wconf 87' lang='lat' dir='ltr'><strong>setl</strong></span> <span class='ocrx_word' id='word_1_152' title='bbox 1525 1181 1686 1238; x_wconf 72' lang='lat' dir='ltr'><strong>distinctum</strong></span> <span class='ocrx_word' id='word_1_153' title='bbox 1701 1200 1765 1240; x_wconf 85' lang='lat' dir='ltr'><strong>esse</strong></span> 
     </span>
     <span class='ocr_line' id='line_1_12' title="bbox 131 1264 1767 1343; baseline 0.006 -23"><span class='ocrx_word' id='word_1_154' title='bbox 131 1268 191 1331; x_wconf 81' lang='lat' dir='ltr'><strong>iot,</strong></span> <span class='ocrx_word' id='word_1_155' title='bbox 207 1267 250 1334; x_wconf 81' lang='lat' dir='ltr'><strong>qui</strong></span> <span class='ocrx_word' id='word_1_156' title='bbox 266 1267 333 1320; x_wconf 86' lang='lat' dir='ltr'><strong>duos</strong></span> <span class='ocrx_word' id='word_1_157' title='bbox 350 1264 385 1320; x_wconf 87' lang='lat' dir='ltr'><strong>tle</strong></span> <span class='ocrx_word' id='word_1_158' title='bbox 399 1264 572 1333; x_wconf 78' lang='lat' dir='ltr'><strong>ottatlraglnta</strong></span> <span class='ocrx_word' id='word_1_159' title='bbox 592 1279 678 1317; x_wconf 87' lang='lat' dir='ltr'><strong>annos</strong></span> <span class='ocrx_word' id='word_1_160' title='bbox 702 1265 862 1334; x_wconf 73' lang='lat' dir='ltr'><strong>paralyticus</strong></span> <span class='ocrx_word' id='word_1_161' title='bbox 880 1264 921 1331; x_wconf 82' lang='lat' dir='ltr'><strong>jn·</strong></span> <span class='ocrx_word' id='word_1_162' title='bbox 971 1267 1104 1335; x_wconf 79' lang='lat' dir='ltr'><strong>sapphiris</strong></span> <span class='ocrx_word' id='word_1_163' title='bbox 1118 1268 1197 1332; x_wconf 83' lang='lat' dir='ltr'><strong>dixit,</strong></span> <span class='ocrx_word' id='word_1_164' title='bbox 1212 1269 1247 1322; x_wconf 85' lang='lat' dir='ltr'><strong>ita</strong></span> <span class='ocrx_word' id='word_1_165' title='bbox 1259 1278 1288 1322; x_wconf 90' lang='lat' dir='ltr'><strong>ut</strong></span> <span class='ocrx_word' id='word_1_166' title='bbox 1300 1269 1396 1336; x_wconf 86' lang='lat' dir='ltr'><strong>partim</strong></span> <span class='ocrx_word' id='word_1_167' title='bbox 1410 1271 1489 1335; x_wconf 93' lang='lat' dir='ltr'><strong>ebur,</strong></span> <span class='ocrx_word' id='word_1_168' title='bbox 1506 1273 1603 1338; x_wconf 76' lang='lat' dir='ltr'><strong>portion</strong></span> <span class='ocrx_word' id='word_1_169' title='bbox 1616 1287 1767 1343; x_wconf 73' lang='lat' dir='ltr'><strong>appareant</strong></span> 
     </span>
     <span class='ocr_line' id='line_1_13' title="bbox 131 1353 1765 1435; baseline 0.007 -25"><span class='ocrx_word' id='word_1_170' title='bbox 131 1366 223 1413; x_wconf 71' lang='lat' dir='ltr'><strong>reiterat</strong></span> <span class='ocrx_word' id='word_1_171' title='bbox 237 1355 328 1425; x_wconf 80' lang='lat' dir='ltr'><strong>(daea.</strong></span> <span class='ocrx_word' id='word_1_172' title='bbox 343 1371 370 1420; x_wconf 87' lang='lat' dir='ltr'><strong>r,</strong></span> <span class='ocrx_word' id='word_1_173' title='bbox 386 1354 413 1420; x_wconf 90' lang='lat'><strong>8,</strong></span> <span class='ocrx_word' id='word_1_174' title='bbox 427 1354 467 1424; x_wconf 78' lang='lat' dir='ltr'><strong>a).</strong></span> <span class='ocrx_word' id='word_1_175' title='bbox 482 1353 633 1410; x_wconf 84' lang='lat' dir='ltr'><strong>&#39;l&#39;oruntiles</strong></span> <span class='ocrx_word' id='word_1_176' title='bbox 646 1364 709 1410; x_wconf 89' lang='lat' dir='ltr'><strong>sunt</strong></span> <span class='ocrx_word' id='word_1_177' title='bbox 725 1371 820 1411; x_wconf 80' lang='lat' dir='ltr'><strong>otarius</strong></span> <span class='ocrx_word' id='word_1_178' title='bbox 835 1357 918 1419; x_wconf 91' lang='lat' dir='ltr'><strong>illins,</strong></span> <span class='ocrx_word' id='word_1_179' title='bbox 971 1357 1098 1426; x_wconf 82' lang='lat' dir='ltr'><strong>sapphiri.</strong></span> <span class='ocrx_word' id='word_1_180' title='bbox 1121 1358 1261 1414; x_wconf 81' lang='lat' dir='ltr'><strong>liburneus</strong></span> <span class='ocrx_word' id='word_1_181' title='bbox 1287 1362 1385 1430; x_wconf 84' lang='lat' dir='ltr'><strong>quippe</strong></span> <span class='ocrx_word' id='word_1_182' title='bbox 1408 1375 1502 1417; x_wconf 79' lang='lat' dir='ltr'><strong>center</strong></span> <span class='ocrx_word' id='word_1_183' title='bbox 1530 1373 1588 1417; x_wconf 86' lang='lat' dir='ltr'><strong>erat</strong></span> <span class='ocrx_word' id='word_1_184' title='bbox 1612 1364 1684 1435; x_wconf 79' lang='lat' dir='ltr'><strong>ejus,</strong></span> <span class='ocrx_word' id='word_1_185' title='bbox 1700 1369 1765 1435; x_wconf 79' lang='lat' dir='ltr'><strong>utria</strong></span> 
     </span>
     <span class='ocr_line' id='line_1_14' title="bbox 130 1444 1766 1517; baseline 0.007 -16"><span class='ocrx_word' id='word_1_186' title='bbox 130 1448 192 1516; x_wconf 80' lang='lat' dir='ltr'><strong>‹pnia</strong></span> <span class='ocrx_word' id='word_1_187' title='bbox 207 1451 232 1503; x_wconf 93' lang='lat' dir='ltr'><strong>in</strong></span> <span class='ocrx_word' id='word_1_188' title='bbox 245 1462 274 1503; x_wconf 88' lang='lat' dir='ltr'><strong>se</strong></span> <span class='ocrx_word' id='word_1_189' title='bbox 285 1462 392 1502; x_wconf 90' lang='lat' dir='ltr'><strong>omnem</strong></span> <span class='ocrx_word' id='word_1_190' title='bbox 406 1447 515 1514; x_wconf 69' lang='lat' dir='ltr'><strong>justitiae</strong></span> <span class='ocrx_word' id='word_1_191' title='bbox 529 1447 646 1515; x_wconf 82' lang='lat' dir='ltr'><strong>regulam</strong></span> <span class='ocrx_word' id='word_1_192' title='bbox 661 1455 744 1501; x_wconf 85' lang='lat' dir='ltr'><strong>terret.</strong></span> <span class='ocrx_word' id='word_1_193' title='bbox 759 1447 816 1502; x_wconf 85' lang='lat' dir='ltr'><strong>llou</strong></span> <span class='ocrx_word' id='word_1_194' title='bbox 832 1458 920 1502; x_wconf 84' lang='lat' dir='ltr'><strong>autent</strong></span> <span class='ocrx_word' id='word_1_195' title='bbox 971 1444 1097 1514; x_wconf 76' lang='lat' dir='ltr'><strong>tragilitas</strong></span> <span class='ocrx_word' id='word_1_196' title='bbox 1111 1462 1190 1514; x_wconf 80' lang='lat' dir='ltr'><strong>otram</strong></span> <span class='ocrx_word' id='word_1_197' title='bbox 1203 1446 1327 1502; x_wconf 84' lang='lat' dir='ltr'><strong>induerat</strong></span> <span class='ocrx_word' id='word_1_198' title='bbox 1341 1460 1453 1517; x_wconf 89' lang='lat' dir='ltr'><strong>peccato</strong></span> <span class='ocrx_word' id='word_1_199' title='bbox 1467 1452 1539 1505; x_wconf 90' lang='lat' dir='ltr'><strong>amni</strong></span> <span class='ocrx_word' id='word_1_200' title='bbox 1551 1456 1670 1517; x_wconf 87' lang='lat' dir='ltr'><strong>carebat,</strong></span> <span class='ocrx_word' id='word_1_201' title='bbox 1684 1457 1720 1510; x_wconf 87' lang='lat' dir='ltr'><strong>ita</strong></span> <span class='ocrx_word' id='word_1_202' title='bbox 1732 1468 1766 1512; x_wconf 92' lang='lat' dir='ltr'><strong>nt</strong></span> 
     </span>
     <span class='ocr_line' id='line_1_15' title="bbox 131 1536 1767 1614; baseline 0.004 -18"><span class='ocrx_word' id='word_1_203' title='bbox 131 1549 258 1598; x_wconf 90' lang='lat' dir='ltr'><strong>utnostra</strong></span> <span class='ocrx_word' id='word_1_204' title='bbox 268 1551 419 1610; x_wconf 83' lang='lat' dir='ltr'><strong>paupertas,</strong></span> <span class='ocrx_word' id='word_1_205' title='bbox 429 1553 540 1594; x_wconf 85' lang='lat' dir='ltr'><strong>necesse</strong></span> <span class='ocrx_word' id='word_1_206' title='bbox 549 1537 662 1592; x_wconf 89' lang='lat' dir='ltr'><strong>babetin</strong></span> <span class='ocrx_word' id='word_1_207' title='bbox 674 1539 870 1594; x_wconf 80' lang='lat' dir='ltr'><strong>sacr-iadiscere</strong></span> <span class='ocrx_word' id='word_1_208' title='bbox 880 1538 921 1592; x_wconf 89' lang='lat' dir='ltr'><strong>lit·</strong></span> <span class='ocrx_word' id='word_1_209' title='bbox 971 1550 1024 1589; x_wconf 93' lang='lat' dir='ltr'><strong>oon</strong></span> <span class='ocrx_word' id='word_1_210' title='bbox 1048 1536 1162 1604; x_wconf 84' lang='lat' dir='ltr'><strong>amplius</strong></span> <span class='ocrx_word' id='word_1_211' title='bbox 1177 1538 1203 1590; x_wconf 86' lang='lat' dir='ltr'><strong>in</strong></span> <span class='ocrx_word' id='word_1_212' title='bbox 1223 1551 1254 1590; x_wconf 88' lang='lat' dir='ltr'><strong>ea</strong></span> <span class='ocrx_word' id='word_1_213' title='bbox 1269 1553 1350 1607; x_wconf 79' lang='lat' dir='ltr'><strong>quarn</strong></span> <span class='ocrx_word' id='word_1_214' title='bbox 1367 1540 1392 1591; x_wconf 87' lang='lat' dir='ltr'><strong>in</strong></span> <span class='ocrx_word' id='word_1_215' title='bbox 1407 1555 1469 1594; x_wconf 84' lang='lat' dir='ltr'><strong>osse</strong></span> <span class='ocrx_word' id='word_1_216' title='bbox 1486 1543 1584 1596; x_wconf 86' lang='lat' dir='ltr'><strong>rnortui</strong></span> <span class='ocrx_word' id='word_1_217' title='bbox 1611 1544 1767 1614; x_wconf 83' lang='lat' dir='ltr'><strong>elepltantis</strong></span> 
     </span>
     <span class='ocr_line' id='line_1_16' title="bbox 131 1625 1766 1705; baseline -0.001 -15"><span class='ocrx_word' id='word_1_218' title='bbox 131 1633 426 1702; x_wconf 82' lang='lat' dir='ltr'><strong>teris,neopussnnma</strong></span> <span class='ocrx_word' id='word_1_219' title='bbox 438 1630 922 1700; x_wconf 66' lang='lat' dir='ltr'><strong>ceroderiet.hotriquedictumeettle</strong></span> <span class='ocrx_word' id='word_1_220' title='bbox 974 1625 1058 1680; x_wconf 85' lang='lat' dir='ltr'><strong>vitiosi</strong></span> <span class='ocrx_word' id='word_1_221' title='bbox 1073 1626 1177 1680; x_wconf 79' lang='lat' dir='ltr'><strong>ardoris</strong></span> <span class='ocrx_word' id='word_1_222' title='bbox 1196 1636 1287 1696; x_wconf 85' lang='lat' dir='ltr'><strong>posset</strong></span> <span class='ocrx_word' id='word_1_223' title='bbox 1309 1629 1430 1684; x_wconf 79' lang='lat' dir='ltr'><strong>ittveuiri·</strong></span> <span class='ocrx_word' id='word_1_224' title='bbox 1459 1630 1608 1688; x_wconf 85' lang='lat' dir='ltr'><strong>llistlnctus</strong></span> <span class='ocrx_word' id='word_1_225' title='bbox 1628 1645 1687 1689; x_wconf 84' lang='lat' dir='ltr'><strong>erat</strong></span> <span class='ocrx_word' id='word_1_226' title='bbox 1702 1652 1766 1705; x_wconf 83' lang='lat' dir='ltr'><strong>sap-</strong></span> 
     </span>
     <span class='ocr_line' id='line_1_17' title="bbox 129 1699 1765 1792; baseline 0.004 -18"><span class='ocrx_word' id='word_1_227' title='bbox 129 1740 173 1786; x_wconf 86' lang='lat' dir='ltr'><strong>co,</strong></span> <span class='ocrx_word' id='word_1_228' title='bbox 187 1722 262 1778; x_wconf 72' lang='lat' dir='ltr'><strong>lierda</strong></span> <span class='ocrx_word' id='word_1_229' title='bbox 276 1724 317 1775; x_wconf 77' lang='lat' dir='ltr'><strong>lde</strong></span> <span class='ocrx_word' id='word_1_230' title='bbox 328 1721 425 1775; x_wconf 86' lang='lat' dir='ltr'><strong>litterar</strong></span> <span class='ocrx_word' id='word_1_231' title='bbox 438 1721 494 1783; x_wconf 82' lang='lat' dir='ltr'><strong>scit,</strong></span> <span class='ocrx_word' id='word_1_232' title='bbox 507 1736 565 1774; x_wconf 89' lang='lat' dir='ltr'><strong>eum</strong></span> <span class='ocrx_word' id='word_1_233' title='bbox 575 1736 626 1773; x_wconf 87' lang='lat' dir='ltr'><strong>aaa</strong></span> <span class='ocrx_word' id='word_1_234' title='bbox 639 1720 759 1774; x_wconf 79' lang='lat' dir='ltr'><strong>didicerit</strong></span> <span class='ocrx_word' id='word_1_235' title='bbox 770 1718 858 1792; x_wconf 79' lang='lat' dir='ltr'><strong>(dauri.</strong></span> <span class='ocrx_word' id='word_1_236' title='bbox 871 1735 919 1788; x_wconf 80' lang='grc' dir='ltr'>ιιι,</span> <span class='ocrx_word' id='word_1_237' title='bbox 938 1699 960 1758; x_wconf 70' lang='grc' dir='ltr'>Β</span> <span class='ocrx_word' id='word_1_238' title='bbox 973 1717 1065 1788; x_wconf 83' lang='lat' dir='ltr'><strong>phiris,</strong></span> <span class='ocrx_word' id='word_1_239' title='bbox 1083 1719 1142 1788; x_wconf 81' lang='lat' dir='ltr'><strong>quin</strong></span> <span class='ocrx_word' id='word_1_240' title='bbox 1163 1718 1233 1774; x_wconf 88' lang='lat' dir='ltr'><strong>inter</strong></span> <span class='ocrx_word' id='word_1_241' title='bbox 1256 1720 1394 1787; x_wconf 86' lang='lat' dir='ltr'><strong>passiones</strong></span> <span class='ocrx_word' id='word_1_242' title='bbox 1416 1732 1560 1792; x_wconf 82' lang='lat' dir='ltr'><strong>assnroptae</strong></span> <span class='ocrx_word' id='word_1_243' title='bbox 1586 1724 1765 1784; x_wconf 85' lang='lat' dir='ltr'><strong>humanitatis</strong></span> 
     </span>
     <span class='ocr_line' id='line_1_18' title="bbox 130 1812 1763 1886; baseline -0.002 -16"><span class='ocrx_word' id='word_1_244' title='bbox 130 1815 176 1886; x_wconf 72' lang='lat' dir='ltr'><strong>tlt)</strong></span> <span class='ocrx_word' id='word_1_245' title='bbox 186 1817 198 1869; x_wconf 89' lang='lat' dir='ltr'><strong>l</strong></span> <span class='ocrx_word' id='word_1_246' title='bbox 210 1816 272 1870; x_wconf 89' lang='lat' dir='ltr'><strong>lntle</strong></span> <span class='ocrx_word' id='word_1_247' title='bbox 288 1823 376 1869; x_wconf 72' lang='lat' dir='ltr'><strong>summ</strong></span> <span class='ocrx_word' id='word_1_248' title='bbox 392 1814 493 1868; x_wconf 75' lang='lat' dir='ltr'><strong>sciebat</strong></span> <span class='ocrx_word' id='word_1_249' title='bbox 503 1813 564 1883; x_wconf 81' lang='lat' dir='ltr'><strong>quia</strong></span> <span class='ocrx_word' id='word_1_250' title='bbox 576 1812 634 1882; x_wconf 88' lang='lat' dir='ltr'><strong>ipse</strong></span> <span class='ocrx_word' id='word_1_251' title='bbox 645 1824 702 1868; x_wconf 88' lang='lat' dir='ltr'><strong>erat</strong></span> <span class='ocrx_word' id='word_1_252' title='bbox 714 1813 810 1868; x_wconf 86' lang='lat' dir='ltr'><strong>litteris</strong></span> <span class='ocrx_word' id='word_1_253' title='bbox 821 1824 848 1868; x_wconf 88' lang='lat' dir='ltr'><strong>et</strong></span> <span class='ocrx_word' id='word_1_254' title='bbox 863 1813 920 1883; x_wconf 75' lang='lat' dir='ltr'><strong>lege</strong></span> <span class='ocrx_word' id='word_1_255' title='bbox 970 1812 1145 1876; x_wconf 78' lang='lat' dir='ltr'><strong>orotntnehat</strong></span> <span class='ocrx_word' id='word_1_256' title='bbox 1159 1813 1252 1866; x_wconf 89' lang='lat' dir='ltr'><strong>erebra</strong></span> <span class='ocrx_word' id='word_1_257' title='bbox 1269 1812 1365 1867; x_wconf 89' lang='lat' dir='ltr'><strong>intlicia</strong></span> <span class='ocrx_word' id='word_1_258' title='bbox 1382 1823 1518 1883; x_wconf 78' lang='lat' dir='ltr'><strong>perpetue</strong></span> <span class='ocrx_word' id='word_1_259' title='bbox 1540 1814 1693 1872; x_wconf 80' lang='lat' dir='ltr'><strong>divinitatis</strong></span> <span class='ocrx_word' id='word_1_260' title='bbox 1705 1834 1714 1874; x_wconf 78' lang='lat' dir='ltr'><strong>t</strong></span> <span class='ocrx_word' id='word_1_261' title='bbox 1728 1821 1763 1873; x_wconf 77' lang='lat' dir='ltr'><strong>ad</strong></span> 
     </span>
     <span class='ocr_line' id='line_1_19' title="bbox 128 1897 1762 1977; baseline 0.002 -18"><span class='ocrx_word' id='word_1_262' title='bbox 128 1906 275 1973; x_wconf 80' lang='lat' dir='ltr'><strong>atttiouior,</strong></span> <span class='ocrx_word' id='word_1_263' title='bbox 291 1905 442 1974; x_wconf 73' lang='lat' dir='ltr'><strong>imo&#39;ipslus</strong></span> <span class='ocrx_word' id='word_1_264' title='bbox 467 1903 627 1973; x_wconf 78' lang='lat' dir='ltr'><strong>legislatoris</strong></span> <span class='ocrx_word' id='word_1_265' title='bbox 646 1903 739 1971; x_wconf 83' lang='lat' dir='ltr'><strong>jtrdex.</strong></span> <span class='ocrx_word' id='word_1_266' title='bbox 756 1902 919 1969; x_wconf 81' lang='lat' dir='ltr'><strong>Tornou&#39;ter,</strong></span> <span class='ocrx_word' id='word_1_267' title='bbox 970 1897 1138 1966; x_wconf 76' lang='lat' dir='ltr'><strong>lragilitatetn</strong></span> <span class='ocrx_word' id='word_1_268' title='bbox 1165 1917 1279 1972; x_wconf 85' lang='lat' dir='ltr'><strong>namque</strong></span> <span class='ocrx_word' id='word_1_269' title='bbox 1307 1902 1479 1958; x_wconf 89' lang='lat' dir='ltr'><strong>humanitatis</strong></span> <span class='ocrx_word' id='word_1_270' title='bbox 1508 1906 1627 1973; x_wconf 81' lang='lat' dir='ltr'><strong>pertinet</strong></span> <span class='ocrx_word' id='word_1_271' title='bbox 1652 1910 1762 1977; x_wconf 87' lang='lat' dir='ltr'><strong>ipsunt,</strong></span> 
     </span>
     <span class='ocr_line' id='line_1_20' title="bbox 129 1987 1762 2068; baseline 0.001 -19"><span class='ocrx_word' id='word_1_272' title='bbox 129 1999 224 2068; x_wconf 79' lang='lat' dir='ltr'><strong>lnquit,</strong></span> <span class='ocrx_word' id='word_1_273' title='bbox 236 2013 322 2052; x_wconf 82' lang='lat' dir='ltr'><strong>aurem</strong></span> <span class='ocrx_word' id='word_1_274' title='bbox 335 1995 417 2064; x_wconf 82' lang='lat' dir='ltr'><strong>plenta</strong></span> <span class='ocrx_word' id='word_1_275' title='bbox 427 1995 581 2066; x_wconf 80' lang='lat' dir='ltr'><strong>ltpaciathir.</strong></span> <span class='ocrx_word' id='word_1_276' title='bbox 593 1994 622 2049; x_wconf 93' lang='lat' dir='ltr'><strong>ln</strong></span> <span class='ocrx_word' id='word_1_277' title='bbox 633 2009 700 2048; x_wconf 88' lang='lat' dir='ltr'><strong>auro</strong></span> <span class='ocrx_word' id='word_1_278' title='bbox 711 2008 835 2062; x_wconf 80' lang='lat' dir='ltr'><strong>trusoque,</strong></span> <span class='ocrx_word' id='word_1_279' title='bbox 846 1994 919 2061; x_wconf 81' lang='lat' dir='ltr'><strong>quod</strong></span> <span class='ocrx_word' id='word_1_280' title='bbox 970 1987 1041 2053; x_wconf 82' lang='lat' dir='ltr'><strong>nond</strong></span> <span class='ocrx_word' id='word_1_281' title='bbox 1058 1989 1183 2056; x_wconf 80' lang='lat' dir='ltr'><strong>parvulus</strong></span> <span class='ocrx_word' id='word_1_282' title='bbox 1197 1998 1275 2044; x_wconf 81' lang='lat' dir='ltr'><strong>natus</strong></span> <span class='ocrx_word' id='word_1_283' title='bbox 1292 2001 1332 2044; x_wconf 88' lang='lat' dir='ltr'><strong>est</strong></span> <span class='ocrx_word' id='word_1_284' title='bbox 1344 1991 1432 2056; x_wconf 90' lang='lat' dir='ltr'><strong>nohis,</strong></span> <span class='ocrx_word' id='word_1_285' title='bbox 1449 1992 1481 2045; x_wconf 89' lang='lat' dir='ltr'><strong>ad</strong></span> <span class='ocrx_word' id='word_1_286' title='bbox 1498 1996 1645 2060; x_wconf 82' lang='lat' dir='ltr'><strong>potentiam</strong></span> <span class='ocrx_word' id='word_1_287' title='bbox 1659 1996 1762 2051; x_wconf 80' lang='lat' dir='ltr'><strong>‹lirini-</strong></span> 
     </span>
     <span class='ocr_line' id='line_1_21' title="bbox 133 2080 1758 2156; baseline 0.004 -13"><span class='ocrx_word' id='word_1_288' title='bbox 133 2089 248 2143; x_wconf 86' lang='lat' dir='ltr'><strong>rnetallir</strong></span> <span class='ocrx_word' id='word_1_289' title='bbox 271 2089 394 2143; x_wconf 89' lang='lat' dir='ltr'><strong>omnibus</strong></span> <span class='ocrx_word' id='word_1_290' title='bbox 408 2088 609 2156; x_wconf 85' lang='lat' dir='ltr'><strong>superetninet,</strong></span> <span class='ocrx_word' id='word_1_291' title='bbox 623 2086 769 2140; x_wconf 83' lang='lat' dir='ltr'><strong>divinitatis</strong></span> <span class='ocrx_word' id='word_1_292' title='bbox 783 2086 920 2140; x_wconf 84' lang='lat' dir='ltr'><strong>excellen-</strong></span> <span class='ocrx_word' id='word_1_293' title='bbox 970 2080 1043 2144; x_wconf 86' lang='lat' dir='ltr'><strong>tatis,</strong></span> <span class='ocrx_word' id='word_1_294' title='bbox 1057 2083 1127 2151; x_wconf 76' lang='lat' dir='ltr'><strong>huod</strong></span> <span class='ocrx_word' id='word_1_295' title='bbox 1143 2081 1177 2136; x_wconf 66' lang='lat' dir='ltr'><strong>de</strong></span> <span class='ocrx_word' id='word_1_296' title='bbox 1191 2080 1299 2149; x_wconf 64' lang='lat' dir='ltr'><strong>Virgine</strong></span> <span class='ocrx_word' id='word_1_297' title='bbox 1315 2094 1391 2136; x_wconf 75' lang='lat' dir='ltr'><strong>¹¹²¹¹¹S</strong></span> <span class='ocrx_word' id='word_1_298' title='bbox 1403 2092 1454 2148; x_wconf 72' lang='lat'><strong>0⁸1»</strong></span> <span class='ocrx_word' id='word_1_299' title='bbox 1470 2085 1619 2155; x_wconf 72' lang='lat' dir='ltr'><strong>⁰³t¹⁰l¹¹tl¹¹0</strong></span> <span class='ocrx_word' id='word_1_300' title='bbox 1632 2089 1758 2143; x_wconf 66' lang='lat' dir='ltr'><strong>Mlitlltw</strong></span> 
     </span>
     <span class='ocr_line' id='line_1_22' title="bbox 129 2172 1759 2250; baseline -0.002 -13"><span class='ocrx_word' id='word_1_301' title='bbox 129 2182 194 2237; x_wconf 90' lang='lat' dir='ltr'><strong>tiam</strong></span> <span class='ocrx_word' id='word_1_302' title='bbox 205 2180 349 2250; x_wconf 75' lang='lat' dir='ltr'><strong>signillcarl</strong></span> <span class='ocrx_word' id='word_1_303' title='bbox 359 2179 453 2233; x_wconf 88' lang='lat' dir='ltr'><strong>crebra</strong></span> <span class='ocrx_word' id='word_1_304' title='bbox 464 2178 632 2248; x_wconf 77' lang='lat' dir='ltr'><strong>expositione</strong></span> <span class='ocrx_word' id='word_1_305' title='bbox 645 2179 739 2248; x_wconf 88' lang='lat' dir='ltr'><strong>patuit.</strong></span> <span class='ocrx_word' id='word_1_306' title='bbox 753 2177 845 2233; x_wconf 86' lang='lat' dir='ltr'><strong>llaous</strong></span> <span class='ocrx_word' id='word_1_307' title='bbox 856 2192 920 2247; x_wconf 80' lang='lat' dir='ltr'><strong>erpo</strong></span> <span class='ocrx_word' id='word_1_308' title='bbox 969 2173 1095 2242; x_wconf 71' lang='lat' dir='ltr'><strong>angelicis</strong></span> <span class='ocrx_word' id='word_1_309' title='bbox 1108 2180 1149 2229; x_wconf 82' lang='lat' dir='ltr'><strong>est</strong></span> <span class='ocrx_word' id='word_1_310' title='bbox 1164 2173 1307 2243; x_wconf 72' lang='lat' dir='ltr'><strong>predicata</strong></span> <span class='ocrx_word' id='word_1_311' title='bbox 1330 2172 1442 2230; x_wconf 73' lang='lat' dir='ltr'><strong>nocitus</strong></span> <span class='ocrx_word' id='word_1_312' title='bbox 1464 2188 1491 2230; x_wconf 89' lang='lat' dir='ltr'><strong>et</strong></span> <span class='ocrx_word' id='word_1_313' title='bbox 1508 2177 1641 2232; x_wconf 73' lang='lat' dir='ltr'><strong>celebrata</strong></span> <span class='ocrx_word' id='word_1_314' title='bbox 1657 2188 1759 2250; x_wconf 71' lang='lat' dir='ltr'><strong>myste-</strong></span> 
     </span>
     <span class='ocr_line' id='line_1_23' title="bbox 127 2261 1758 2347; baseline 0.012 -41"><span class='ocrx_word' id='word_1_315' title='bbox 127 2274 187 2347; x_wconf 63' lang='lat' dir='ltr'><strong>,pus</strong></span> <span class='ocrx_word' id='word_1_316' title='bbox 200 2286 297 2338; x_wconf 51' lang='lat' dir='ltr'><strong>am,</strong></span> <span class='ocrx_word' id='word_1_317' title='bbox 313 2272 384 2341; x_wconf 57' lang='lat' dir='ltr'><strong>,lump</strong></span> <span class='ocrx_word' id='word_1_318' title='bbox 399 2272 510 2327; x_wconf 58' lang='lat' dir='ltr'><strong>,ippum</strong></span> <span class='ocrx_word' id='word_1_319' title='bbox 523 2285 589 2340; x_wconf 55' lang='lat' dir='ltr'>quas</span> <span class='ocrx_word' id='word_1_320' title='bbox 605 2270 631 2324; x_wconf 76' lang='lat' dir='ltr'><strong>p„</strong></span> <span class='ocrx_word' id='word_1_321' title='bbox 646 2270 755 2325; x_wconf 89' lang='lat' dir='ltr'><strong>homine</strong></span> <span class='ocrx_word' id='word_1_322' title='bbox 768 2269 864 2341; x_wconf 75' lang='lat' dir='ltr'><strong>pessit,</strong></span> <span class='ocrx_word' id='word_1_323' title='bbox 879 2269 922 2324; x_wconf 76' lang='lat' dir='ltr'><strong>pp.</strong></span> <span class='ocrx_word' id='word_1_324' title='bbox 972 2261 1040 2328; x_wconf 80' lang='lat' dir='ltr'><strong>rils3</strong></span> <span class='ocrx_word' id='word_1_325' title='bbox 1056 2263 1089 2315; x_wconf 82' lang='lat' dir='ltr'><strong>ati</strong></span> <span class='ocrx_word' id='word_1_326' title='bbox 1108 2263 1254 2332; x_wconf 87' lang='lat' dir='ltr'><strong>potentiam</strong></span> <span class='ocrx_word' id='word_1_327' title='bbox 1281 2263 1441 2331; x_wconf 82' lang='lat' dir='ltr'><strong>divinitatis,</strong></span> <span class='ocrx_word' id='word_1_328' title='bbox 1457 2266 1527 2334; x_wconf 77' lang='lat' dir='ltr'><strong>quod</strong></span> <span class='ocrx_word' id='word_1_329' title='bbox 1553 2267 1651 2322; x_wconf 90' lang='lat' dir='ltr'><strong>indicio</strong></span> <span class='ocrx_word' id='word_1_330' title='bbox 1673 2270 1758 2324; x_wconf 78' lang='lat' dir='ltr'><strong>stellae</strong></span> 
     </span>
     <span class='ocr_line' id='line_1_24' title="bbox 130 2355 1762 2433; baseline 0.001 -17"><span class='ocrx_word' id='word_1_331' title='bbox 130 2365 230 2420; x_wconf 89' lang='lat' dir='ltr'><strong>trinitus</strong></span> <span class='ocrx_word' id='word_1_332' title='bbox 244 2372 436 2433; x_wconf 85' lang='lat' dir='ltr'><strong>essepatratas</strong></span> <span class='ocrx_word' id='word_1_333' title='bbox 450 2376 530 2416; x_wconf 85' lang='lat' dir='ltr'><strong>tremo</strong></span> <span class='ocrx_word' id='word_1_334' title='bbox 543 2360 626 2415; x_wconf 88' lang='lat' dir='ltr'><strong>ltdolls</strong></span> <span class='ocrx_word' id='word_1_335' title='bbox 637 2361 753 2431; x_wconf 70' lang='lat' dir='ltr'><strong>ignorat.</strong></span> <span class='ocrx_word' id='word_1_336' title='bbox 764 2360 830 2427; x_wconf 77' lang='lat' dir='ltr'><strong>Que</strong></span> <span class='ocrx_word' id='word_1_337' title='bbox 844 2369 919 2416; x_wconf 84' lang='lat' dir='ltr'><strong>recto</strong></span> <span class='ocrx_word' id='word_1_338' title='bbox 970 2363 1144 2419; x_wconf 90' lang='lat' dir='ltr'><strong>monstratur,</strong></span> <span class='ocrx_word' id='word_1_339' title='bbox 1160 2355 1313 2410; x_wconf 88' lang='lat' dir='ltr'><strong>adorandus</strong></span> <span class='ocrx_word' id='word_1_340' title='bbox 1328 2373 1343 2411; x_wconf 89' lang='lat' dir='ltr'><strong>a</strong></span> <span class='ocrx_word' id='word_1_341' title='bbox 1359 2358 1454 2425; x_wconf 80' lang='lat' dir='ltr'><strong>iringis,</strong></span> <span class='ocrx_word' id='word_1_342' title='bbox 1469 2358 1502 2411; x_wconf 87' lang='lat' dir='ltr'><strong>ad</strong></span> <span class='ocrx_word' id='word_1_343' title='bbox 1524 2358 1695 2431; x_wconf 73' lang='lat' dir='ltr'><strong>tragilitntetn</strong></span> <span class='ocrx_word' id='word_1_344' title='bbox 1709 2364 1762 2417; x_wconf 83' lang='lat' dir='ltr'><strong>lna·</strong></span> 
     </span>
     <span class='ocr_line' id='line_1_25' title="bbox 129 2445 1763 2525; baseline -0.001 -17"><span class='ocrx_word' id='word_1_345' title='bbox 129 2456 208 2511; x_wconf 86' lang='lat' dir='ltr'><strong>etinm</strong></span> <span class='ocrx_word' id='word_1_346' title='bbox 225 2455 309 2525; x_wconf 79' lang='lat' dir='ltr'><strong>plenae</strong></span> <span class='ocrx_word' id='word_1_347' title='bbox 324 2453 476 2524; x_wconf 76' lang='lat' dir='ltr'><strong>hyacinthis</strong></span> <span class='ocrx_word' id='word_1_348' title='bbox 499 2465 559 2507; x_wconf 82' lang='lat' dir='ltr'><strong>esse</strong></span> <span class='ocrx_word' id='word_1_349' title='bbox 582 2448 745 2517; x_wconf 81' lang='lat' dir='ltr'><strong>colerentur,</strong></span> <span class='ocrx_word' id='word_1_350' title='bbox 761 2449 823 2519; x_wconf 78' lang='lat' dir='ltr'><strong>quta</strong></span> <span class='ocrx_word' id='word_1_351' title='bbox 840 2449 920 2504; x_wconf 71' lang='grc' dir='ltr'>ιιιιῃῑ.</span> <span class='ocrx_word' id='word_1_352' title='bbox 976 2445 1125 2512; x_wconf 88' lang='lat' dir='ltr'><strong>manitatis,</strong></span> <span class='ocrx_word' id='word_1_353' title='bbox 1139 2447 1210 2514; x_wconf 75' lang='lat' dir='ltr'><strong>pirou</strong></span> <span class='ocrx_word' id='word_1_354' title='bbox 1225 2446 1330 2500; x_wconf 80' lang='lat' dir='ltr'><strong>insidiis</strong></span> <span class='ocrx_word' id='word_1_355' title='bbox 1344 2449 1438 2515; x_wconf 72' lang='lat' dir='ltr'><strong>pertriti</strong></span> <span class='ocrx_word' id='word_1_356' title='bbox 1453 2452 1523 2519; x_wconf 78' lang='lat' dir='ltr'><strong>rep&#39;s</strong></span> <span class='ocrx_word' id='word_1_357' title='bbox 1537 2452 1619 2518; x_wconf 79' lang='lat' dir='ltr'><strong>putria</strong></span> <span class='ocrx_word' id='word_1_358' title='bbox 1634 2453 1763 2522; x_wconf 60' lang='lat' dir='ltr'><strong>lingarum</strong></span> 
     </span>
     <span class='ocr_line' id='line_1_26' title="bbox 129 2537 1760 2614; baseline 0 -13"><span class='ocrx_word' id='word_1_359' title='bbox 129 2546 234 2603; x_wconf 79' lang='lat' dir='ltr'><strong>eumad</strong></span> <span class='ocrx_word' id='word_1_360' title='bbox 249 2559 323 2614; x_wconf 87' lang='lat' dir='ltr'><strong>spem</strong></span> <span class='ocrx_word' id='word_1_361' title='bbox 339 2557 388 2598; x_wconf 86' lang='lat' dir='ltr'><strong>nos</strong></span> <span class='ocrx_word' id='word_1_362' title='bbox 399 2541 547 2598; x_wconf 77' lang='lat' dir='ltr'><strong>caelestium</strong></span> <span class='ocrx_word' id='word_1_363' title='bbox 562 2549 642 2610; x_wconf 86' lang='lat' dir='ltr'><strong>atque</strong></span> <span class='ocrx_word' id='word_1_364' title='bbox 655 2553 775 2593; x_wconf 80' lang='lat' dir='ltr'><strong>atriorem</strong></span> <span class='ocrx_word' id='word_1_365' title='bbox 789 2540 918 2594; x_wconf 84' lang='lat' dir='ltr'><strong>excitant.</strong></span> <span class='ocrx_word' id='word_1_366' title='bbox 971 2537 1004 2591; x_wconf 87' lang='lat' dir='ltr'><strong>ud</strong></span> <span class='ocrx_word' id='word_1_367' title='bbox 1029 2537 1198 2605; x_wconf 75' lang='lat' dir='ltr'><strong>lragilitatem</strong></span> <span class='ocrx_word' id='word_1_368' title='bbox 1215 2537 1398 2605; x_wconf 84' lang='lat' dir='ltr'><strong>huntanltatis,</strong></span> <span class='ocrx_word' id='word_1_369' title='bbox 1414 2543 1484 2611; x_wconf 85' lang='lat' dir='ltr'><strong>quotl</strong></span> <span class='ocrx_word' id='word_1_370' title='bbox 1508 2543 1566 2597; x_wconf 90' lang='lat' dir='ltr'><strong>duel</strong></span> <span class='ocrx_word' id='word_1_371' title='bbox 1580 2555 1607 2599; x_wconf 87' lang='lat' dir='ltr'><strong>et</strong></span> <span class='ocrx_word' id='word_1_372' title='bbox 1632 2547 1731 2601; x_wconf 88' lang='lat' dir='ltr'><strong>tentari</strong></span> <span class='ocrx_word' id='word_1_373' title='bbox 1744 2565 1760 2601; x_wconf 89' lang='lat' dir='ltr'><strong>a</strong></span> 
     </span>
     <span class='ocr_line' id='line_1_27' title="bbox 129 2624 1761 2710; baseline -0.001 -18"><span class='ocrx_word' id='word_1_374' title='bbox 129 2635 297 2710; x_wconf 78' lang='lat' dir='ltr'><strong>lipacintbns</strong></span> <span class='ocrx_word' id='word_1_375' title='bbox 311 2634 410 2704; x_wconf 83' lang='lat' dir='ltr'><strong>quippe</strong></span> <span class='ocrx_word' id='word_1_376' title='bbox 423 2648 529 2704; x_wconf 75' lang='lat' dir='ltr'><strong>geronta</strong></span> <span class='ocrx_word' id='word_1_377' title='bbox 544 2642 584 2687; x_wconf 89' lang='lat' dir='ltr'><strong>est</strong></span> <span class='ocrx_word' id='word_1_378' title='bbox 599 2632 671 2686; x_wconf 88' lang='lat' dir='ltr'><strong>aerei</strong></span> <span class='ocrx_word' id='word_1_379' title='bbox 694 2632 802 2686; x_wconf 88' lang='lat' dir='ltr'><strong>coloris.</strong></span> <span class='ocrx_word' id='word_1_380' title='bbox 819 2630 846 2685; x_wconf 93' lang='lat' dir='ltr'><strong>ln</strong></span> <span class='ocrx_word' id='word_1_381' title='bbox 862 2646 920 2685; x_wconf 87' lang='lat' dir='ltr'><strong>nra·</strong></span> <span class='ocrx_word' id='word_1_382' title='bbox 970 2628 1077 2682; x_wconf 89' lang='lat' dir='ltr'><strong>diaholo</strong></span> <span class='ocrx_word' id='word_1_383' title='bbox 1100 2624 1197 2698; x_wconf 86' lang='lat' dir='ltr'><strong>potuit,</strong></span> <span class='ocrx_word' id='word_1_384' title='bbox 1212 2629 1246 2684; x_wconf 85' lang='lat' dir='ltr'><strong>ad</strong></span> <span class='ocrx_word' id='word_1_385' title='bbox 1271 2634 1415 2700; x_wconf 83' lang='lat' dir='ltr'><strong>potentiam</strong></span> <span class='ocrx_word' id='word_1_386' title='bbox 1442 2632 1597 2700; x_wconf 83' lang='lat' dir='ltr'><strong>diuinitatis,</strong></span> <span class='ocrx_word' id='word_1_387' title='bbox 1611 2637 1694 2706; x_wconf 73' lang='grc' dir='ltr'>ιιιιοᾱ,</span> <span class='ocrx_word' id='word_1_388' title='bbox 1711 2636 1761 2692; x_wconf 92' lang='lat' dir='ltr'><strong>illo</strong></span> 
     </span>
     <span class='ocr_line' id='line_1_28' title="bbox 128 2718 1760 2796; baseline 0.002 -18"><span class='ocrx_word' id='word_1_389' title='bbox 128 2727 205 2781; x_wconf 90' lang='lat' dir='ltr'><strong>nibus</strong></span> <span class='ocrx_word' id='word_1_390' title='bbox 231 2724 399 2779; x_wconf 69' lang='lat' dir='ltr'><strong>tornatilibus</strong></span> <span class='ocrx_word' id='word_1_391' title='bbox 421 2723 503 2778; x_wconf 88' lang='lat' dir='ltr'><strong>hahet</strong></span> <span class='ocrx_word' id='word_1_392' title='bbox 534 2721 663 2777; x_wconf 83' lang='lat' dir='ltr'><strong>Dominus</strong></span> <span class='ocrx_word' id='word_1_393' title='bbox 687 2720 865 2792; x_wconf 78' lang='lat' dir='ltr'><strong>hyacinthos,</strong></span> <span class='ocrx_word' id='word_1_394' title='bbox 890 2730 919 2775; x_wconf 95' lang='lat' dir='ltr'><strong>nt</strong></span> <span class='ocrx_word' id='word_1_395' title='bbox 972 2718 1043 2774; x_wconf 84' lang='lat' dir='ltr'><strong>ricto</strong></span> <span class='ocrx_word' id='word_1_396' title='bbox 1056 2733 1088 2774; x_wconf 88' lang='lat' dir='ltr'><strong>ac</strong></span> <span class='ocrx_word' id='word_1_397' title='bbox 1104 2720 1222 2788; x_wconf 86' lang='lat' dir='ltr'><strong>repulso,</strong></span> <span class='ocrx_word' id='word_1_398' title='bbox 1237 2721 1392 2778; x_wconf 87' lang='lat' dir='ltr'><strong>ministeriis</strong></span> <span class='ocrx_word' id='word_1_399' title='bbox 1407 2724 1557 2781; x_wconf 87' lang='lat' dir='ltr'><strong>bonoratur</strong></span> <span class='ocrx_word' id='word_1_400' title='bbox 1569 2729 1712 2796; x_wconf 73' lang='lat' dir='ltr'><strong>attgetiuis3</strong></span> <span class='ocrx_word' id='word_1_401' title='bbox 1727 2732 1760 2782; x_wconf 75' lang='lat' dir='ltr'><strong>att</strong></span> 
     </span>
     <span class='ocr_line' id='line_1_29' title="bbox 128 2810 1762 2887; baseline 0.003 -16"><span class='ocrx_word' id='word_1_402' title='bbox 128 2816 253 2873; x_wconf 77' lang='lat' dir='ltr'><strong>vitlelieet</strong></span> <span class='ocrx_word' id='word_1_403' title='bbox 273 2830 336 2870; x_wconf 84' lang='lat' dir='ltr'><strong>vasa</strong></span> <span class='ocrx_word' id='word_1_404' title='bbox 358 2815 515 2880; x_wconf 78' lang='lat' dir='ltr'><strong>electionis,</strong></span> <span class='ocrx_word' id='word_1_405' title='bbox 530 2829 589 2883; x_wconf 80' lang='lat' dir='ltr'><strong>quae</strong></span> <span class='ocrx_word' id='word_1_406' title='bbox 606 2824 737 2882; x_wconf 87' lang='lat' dir='ltr'><strong>praeparat</strong></span> <span class='ocrx_word' id='word_1_407' title='bbox 751 2813 778 2867; x_wconf 91' lang='lat' dir='ltr'><strong>in</strong></span> <span class='ocrx_word' id='word_1_408' title='bbox 792 2810 917 2884; x_wconf 73' lang='lat' dir='ltr'><strong>gloriam,</strong></span> <span class='ocrx_word' id='word_1_409' title='bbox 972 2811 1141 2880; x_wconf 74' lang='lat' dir='ltr'><strong>lragilitatem</strong></span> <span class='ocrx_word' id='word_1_410' title='bbox 1157 2812 1341 2879; x_wconf 88' lang='lat' dir='ltr'><strong>humanitatis,</strong></span> <span class='ocrx_word' id='word_1_411' title='bbox 1359 2818 1430 2886; x_wconf 84' lang='lat' dir='ltr'><strong>qnod</strong></span> <span class='ocrx_word' id='word_1_412' title='bbox 1452 2832 1548 2887; x_wconf 71' lang='lat' dir='ltr'><strong>aetram</strong></span> <span class='ocrx_word' id='word_1_413' title='bbox 1565 2835 1579 2872; x_wconf 90' lang='lat' dir='ltr'><strong>a</strong></span> <span class='ocrx_word' id='word_1_414' title='bbox 1595 2821 1762 2876; x_wconf 80' lang='lat' dir='ltr'><strong>Samaritana</strong></span> 
     </span>
     <span class='ocr_line' id='line_1_30' title="bbox 130 2904 1762 2982; baseline 0.001 -19"><span class='ocrx_word' id='word_1_415' title='bbox 130 2907 282 2978; x_wconf 79' lang='lat' dir='ltr'><strong>hujusmodi</strong></span> <span class='ocrx_word' id='word_1_416' title='bbox 297 2906 410 2977; x_wconf 77' lang='lat' dir='ltr'><strong>gemmis</strong></span> <span class='ocrx_word' id='word_1_417' title='bbox 426 2906 548 2969; x_wconf 77' lang='lat' dir='ltr'><strong>adttrtnt,</strong></span> <span class='ocrx_word' id='word_1_418' title='bbox 563 2904 614 2960; x_wconf 90' lang='lat' dir='ltr'><strong>hoc</strong></span> <span class='ocrx_word' id='word_1_419' title='bbox 628 2917 669 2959; x_wconf 88' lang='lat' dir='ltr'><strong>est</strong></span> <span class='ocrx_word' id='word_1_420' title='bbox 679 2907 760 2959; x_wconf 88' lang='lat' dir='ltr'><strong>corda</strong></span> <span class='ocrx_word' id='word_1_421' title='bbox 772 2905 919 2960; x_wconf 87' lang='lat' dir='ltr'><strong>electorum</strong></span> <span class='ocrx_word' id='word_1_422' title='bbox 972 2907 1085 2962; x_wconf 86' lang='lat' dir='ltr'><strong>ntuliere</strong></span> <span class='ocrx_word' id='word_1_423' title='bbox 1100 2907 1226 2974; x_wconf 88' lang='lat' dir='ltr'><strong>postulat,</strong></span> <span class='ocrx_word' id='word_1_424' title='bbox 1243 2908 1275 2961; x_wconf 87' lang='lat' dir='ltr'><strong>ad</strong></span> <span class='ocrx_word' id='word_1_425' title='bbox 1297 2909 1442 2977; x_wconf 87' lang='lat' dir='ltr'><strong>potentiam</strong></span> <span class='ocrx_word' id='word_1_426' title='bbox 1465 2910 1625 2975; x_wconf 82' lang='lat' dir='ltr'><strong>divinitatis,</strong></span> <span class='ocrx_word' id='word_1_427' title='bbox 1639 2913 1709 2982; x_wconf 87' lang='lat' dir='ltr'><strong>quoti</strong></span> <span class='ocrx_word' id='word_1_428' title='bbox 1724 2930 1762 2968; x_wconf 84' lang='lat' dir='ltr'><strong>et·</strong></span> 
     </span>
     <span class='ocr_line' id='line_1_31' title="bbox 128 2994 1760 3072; baseline 0.002 -18"><span class='ocrx_word' id='word_1_429' title='bbox 128 3015 237 3056; x_wconf 87' lang='lat' dir='ltr'><strong>suorum</strong></span> <span class='ocrx_word' id='word_1_430' title='bbox 259 3012 382 3066; x_wconf 80' lang='lat' dir='ltr'><strong>superine</strong></span> <span class='ocrx_word' id='word_1_431' title='bbox 402 2997 493 3068; x_wconf 77' lang='lat' dir='ltr'><strong>gloriae</strong></span> <span class='ocrx_word' id='word_1_432' title='bbox 508 2995 643 3050; x_wconf 83' lang='lat' dir='ltr'><strong>desiderio</strong></span> <span class='ocrx_word' id='word_1_433' title='bbox 664 3005 691 3049; x_wconf 89' lang='lat' dir='ltr'><strong>et</strong></span> <span class='ocrx_word' id='word_1_434' title='bbox 715 2994 919 3063; x_wconf 82' lang='lat' dir='ltr'><strong>exspectatione</strong></span> <span class='ocrx_word' id='word_1_435' title='bbox 971 2996 1032 3051; x_wconf 90' lang='lat' dir='ltr'><strong>dent</strong></span> <span class='ocrx_word' id='word_1_436' title='bbox 1056 2997 1156 3054; x_wconf 87' lang='lat' dir='ltr'><strong>iontem</strong></span> <span class='ocrx_word' id='word_1_437' title='bbox 1180 3015 1257 3070; x_wconf 78' lang='lat' dir='ltr'><strong>aqttre</strong></span> <span class='ocrx_word' id='word_1_438' title='bbox 1272 3002 1338 3056; x_wconf 71' lang='lat' dir='ltr'><strong>ricae</strong></span> <span class='ocrx_word' id='word_1_439' title='bbox 1351 3016 1381 3056; x_wconf 92' lang='lat' dir='ltr'><strong>se</strong></span> <span class='ocrx_word' id='word_1_440' title='bbox 1395 3003 1459 3058; x_wconf 89' lang='lat' dir='ltr'><strong>dare</strong></span> <span class='ocrx_word' id='word_1_441' title='bbox 1480 3017 1560 3072; x_wconf 84' lang='lat' dir='ltr'><strong>posse</strong></span> <span class='ocrx_word' id='word_1_442' title='bbox 1585 3015 1711 3072; x_wconf 65' lang='lat' dir='ltr'><strong>seauton</strong></span> <span class='ocrx_word' id='word_1_443' title='bbox 1726 3008 1760 3059; x_wconf 66' lang='lat' dir='ltr'><strong>aul</strong></span> 
     </span>
     <span class='ocr_line' id='line_1_32' title="bbox 128 3085 1759 3166; baseline 0.005 -22"><span class='ocrx_word' id='word_1_444' title='bbox 128 3090 256 3147; x_wconf 77' lang='lat' dir='ltr'><strong>latilieet.</strong></span> <span class='ocrx_word' id='word_1_445' title='bbox 282 3088 357 3157; x_wconf 84' lang='lat' dir='ltr'><strong>Quod</strong></span> <span class='ocrx_word' id='word_1_446' title='bbox 372 3089 393 3142; x_wconf 87' lang='lat' dir='ltr'><strong>si</strong></span> <span class='ocrx_word' id='word_1_447' title='bbox 408 3088 433 3142; x_wconf 87' lang='lat' dir='ltr'><strong>io</strong></span> <span class='ocrx_word' id='word_1_448' title='bbox 457 3086 610 3158; x_wconf 78' lang='lat' dir='ltr'><strong>hyacinthis</strong></span> <span class='ocrx_word' id='word_1_449' title='bbox 625 3086 761 3155; x_wconf 74' lang='lat' dir='ltr'><strong>pigmenta</strong></span> <span class='ocrx_word' id='word_1_450' title='bbox 777 3085 855 3154; x_wconf 83' lang='lat' dir='ltr'><strong>hujus</strong></span> <span class='ocrx_word' id='word_1_451' title='bbox 870 3101 920 3140; x_wconf 88' lang='lat' dir='ltr'><strong>rto·</strong></span> <span class='ocrx_word' id='word_1_452' title='bbox 974 3085 1140 3158; x_wconf 74' lang='lat' dir='ltr'><strong>lragilitatent</strong></span> <span class='ocrx_word' id='word_1_453' title='bbox 1164 3090 1346 3158; x_wconf 85' lang='lat' dir='ltr'><strong>humanitatis,</strong></span> <span class='ocrx_word' id='word_1_454' title='bbox 1359 3096 1429 3162; x_wconf 83' lang='lat' dir='ltr'><strong>quotl</strong></span> <span class='ocrx_word' id='word_1_455' title='bbox 1446 3094 1573 3166; x_wconf 80' lang='lat' dir='ltr'><strong>latigatur</strong></span> <span class='ocrx_word' id='word_1_456' title='bbox 1592 3110 1628 3151; x_wconf 81' lang='lat' dir='ltr'><strong>ex</strong></span> <span class='ocrx_word' id='word_1_457' title='bbox 1654 3096 1759 3159; x_wconf 89' lang='lat' dir='ltr'><strong>itinere,</strong></span> 
     </span>
     <span class='ocr_line' id='line_1_33' title="bbox 130 3174 1762 3257; baseline 0 -24"><span class='ocrx_word' id='word_1_458' title='bbox 130 3180 210 3235; x_wconf 74' lang='lat' dir='ltr'><strong>ticinis</strong></span> <span class='ocrx_word' id='word_1_459' title='bbox 221 3177 358 3249; x_wconf 77' lang='lat' dir='ltr'><strong>designata</strong></span> <span class='ocrx_word' id='word_1_460' title='bbox 371 3177 526 3246; x_wconf 89' lang='lat' dir='ltr'><strong>accipimus,</strong></span> <span class='ocrx_word' id='word_1_461' title='bbox 544 3190 631 3246; x_wconf 75' lang='lat' dir='ltr'><strong>neque</strong></span> <span class='ocrx_word' id='word_1_462' title='bbox 644 3174 695 3229; x_wconf 89' lang='lat' dir='ltr'><strong>hoe</strong></span> <span class='ocrx_word' id='word_1_463' title='bbox 710 3190 724 3227; x_wconf 87' lang='lat' dir='ltr'><strong>a</strong></span> <span class='ocrx_word' id='word_1_464' title='bbox 740 3189 858 3245; x_wconf 74' lang='lat' dir='ltr'><strong>congrua</strong></span> <span class='ocrx_word' id='word_1_465' title='bbox 872 3189 919 3229; x_wconf 85' lang='lat' dir='ltr'><strong>re·</strong></span> <span class='ocrx_word' id='word_1_466' title='bbox 972 3179 1004 3233; x_wconf 85' lang='lat' dir='ltr'><strong>ad</strong></span> <span class='ocrx_word' id='word_1_467' title='bbox 1030 3179 1175 3248; x_wconf 84' lang='lat' dir='ltr'><strong>potentiam</strong></span> <span class='ocrx_word' id='word_1_468' title='bbox 1195 3181 1364 3251; x_wconf 76' lang='lat' dir='ltr'><strong>divinitatis,</strong></span> <span class='ocrx_word' id='word_1_469' title='bbox 1379 3185 1452 3254; x_wconf 85' lang='lat' dir='ltr'><strong>qunti</strong></span> <span class='ocrx_word' id='word_1_470' title='bbox 1472 3201 1502 3241; x_wconf 89' lang='lat' dir='ltr'><strong>se</strong></span> <span class='ocrx_word' id='word_1_471' title='bbox 1524 3189 1697 3257; x_wconf 69' lang='lat' dir='ltr'><strong>sequentihus</strong></span> <span class='ocrx_word' id='word_1_472' title='bbox 1720 3205 1762 3245; x_wconf 68' lang='grc' dir='ltr'><strong>η,</strong></span> 
     </span>
     <span class='ocr_line' id='line_1_34' title="bbox 128 3263 1762 3348; baseline 0.006 -22"><span class='ocrx_word' id='word_1_473' title='bbox 128 3272 216 3327; x_wconf 85' lang='lat' dir='ltr'><strong>ritatis</strong></span> <span class='ocrx_word' id='word_1_474' title='bbox 238 3268 434 3342; x_wconf 76' lang='lat' dir='ltr'><strong>sigtrihratione</strong></span> <span class='ocrx_word' id='word_1_475' title='bbox 457 3267 603 3322; x_wconf 88' lang='lat' dir='ltr'><strong>abhorret:</strong></span> <span class='ocrx_word' id='word_1_476' title='bbox 616 3278 657 3320; x_wconf 88' lang='lat' dir='ltr'><strong>est</strong></span> <span class='ocrx_word' id='word_1_477' title='bbox 672 3263 742 3320; x_wconf 90' lang='lat' dir='ltr'><strong>enim</strong></span> <span class='ocrx_word' id='word_1_478' title='bbox 759 3267 919 3336; x_wconf 80' lang='lat' dir='ltr'><strong>hyacintbus</strong></span> <span class='ocrx_word' id='word_1_479' title='bbox 971 3272 1061 3340; x_wconf 74' lang='lat' dir='ltr'><strong>quiem</strong></span> <span class='ocrx_word' id='word_1_480' title='bbox 1077 3273 1219 3342; x_wconf 88' lang='lat' dir='ltr'><strong>pollicetur</strong></span> <span class='ocrx_word' id='word_1_481' title='bbox 1241 3285 1384 3342; x_wconf 78' lang='lat' dir='ltr'><strong>aeterttutu3</strong></span> <span class='ocrx_word' id='word_1_482' title='bbox 1400 3276 1433 3331; x_wconf 87' lang='lat' dir='ltr'><strong>ad</strong></span> <span class='ocrx_word' id='word_1_483' title='bbox 1448 3275 1622 3348; x_wconf 76' lang='lat' dir='ltr'><strong>fragilitatem</strong></span> <span class='ocrx_word' id='word_1_484' title='bbox 1639 3280 1762 3336; x_wconf 84' lang='lat' dir='ltr'><strong>burnani·</strong></span> 
     </span>
     <span class='ocr_line' id='line_1_35' title="bbox 128 3355 1757 3441; baseline 0.015 -36"><span class='ocrx_word' id='word_1_485' title='bbox 128 3365 292 3435; x_wconf 66' lang='lat' dir='ltr'><strong>ptpmenppn</strong></span> <span class='ocrx_word' id='word_1_486' title='bbox 307 3360 406 3416; x_wconf 72' lang='lat' dir='ltr'><strong>eoloris</strong></span> <span class='ocrx_word' id='word_1_487' title='bbox 428 3357 554 3426; x_wconf 85' lang='lat' dir='ltr'><strong>purpurei</strong></span> <span class='ocrx_word' id='word_1_488' title='bbox 575 3366 657 3426; x_wconf 85' lang='lat' dir='ltr'><strong>atque</strong></span> <span class='ocrx_word' id='word_1_489' title='bbox 679 3355 771 3411; x_wconf 85' lang='lat' dir='ltr'><strong>odoris</strong></span> <span class='ocrx_word' id='word_1_490' title='bbox 794 3355 916 3424; x_wconf 79' lang='lat' dir='ltr'><strong>jocttttdl·</strong></span> <span class='ocrx_word' id='word_1_491' title='bbox 971 3365 1044 3429; x_wconf 87' lang='lat' dir='ltr'><strong>tatis,</strong></span> <span class='ocrx_word' id='word_1_492' title='bbox 1060 3365 1130 3435; x_wconf 84' lang='lat' dir='ltr'><strong>quotl</strong></span> <span class='ocrx_word' id='word_1_493' title='bbox 1147 3364 1173 3421; x_wconf 90' lang='lat' dir='ltr'><strong>in</strong></span> <span class='ocrx_word' id='word_1_494' title='bbox 1189 3368 1249 3421; x_wconf 87' lang='lat' dir='ltr'><strong>nari</strong></span> <span class='ocrx_word' id='word_1_495' title='bbox 1264 3369 1374 3434; x_wconf 72' lang='lat' dir='ltr'><strong>«torruit,</strong></span> <span class='ocrx_word' id='word_1_496' title='bbox 1390 3370 1423 3424; x_wconf 87' lang='lat' dir='ltr'><strong>ati</strong></span> <span class='ocrx_word' id='word_1_497' title='bbox 1437 3371 1585 3441; x_wconf 86' lang='lat' dir='ltr'><strong>potentiam</strong></span> <span class='ocrx_word' id='word_1_498' title='bbox 1602 3373 1757 3437; x_wconf 79' lang='lat' dir='ltr'><strong>divinitatis,</strong></span> 
     </span>
     <span class='ocr_line' id='line_1_36' title="bbox 129 3445 1756 3534; baseline 0.008 -28"><span class='ocrx_word' id='word_1_499' title='bbox 129 3452 204 3506; x_wconf 80' lang='lat' dir='ltr'><strong>Unde</strong></span> <span class='ocrx_word' id='word_1_500' title='bbox 225 3462 320 3520; x_wconf 82' lang='lat' dir='ltr'><strong>prteta,</strong></span> <span class='ocrx_word' id='word_1_501' title='bbox 334 3448 452 3519; x_wconf 89' lang='lat' dir='ltr'><strong>pretiosa</strong></span> <span class='ocrx_word' id='word_1_502' title='bbox 467 3461 580 3517; x_wconf 76' lang='lat' dir='ltr'><strong>quiaque</strong></span> <span class='ocrx_word' id='word_1_503' title='bbox 601 3448 626 3501; x_wconf 92' lang='lat' dir='ltr'><strong>in</strong></span> <span class='ocrx_word' id='word_1_504' title='bbox 650 3447 801 3516; x_wconf 83' lang='lat' dir='ltr'><strong>erernplunr</strong></span> <span class='ocrx_word' id='word_1_505' title='bbox 816 3445 918 3503; x_wconf 86' lang='lat' dir='ltr'><strong>autoris</strong></span> <span class='ocrx_word' id='word_1_506' title='bbox 969 3455 1030 3526; x_wconf 86' lang='lat' dir='ltr'><strong>quia</strong></span> <span class='ocrx_word' id='word_1_507' title='bbox 1044 3456 1176 3512; x_wconf 83' lang='lat' dir='ltr'><strong>excitatus</strong></span> <span class='ocrx_word' id='word_1_508' title='bbox 1186 3459 1272 3514; x_wconf 87' lang='lat' dir='ltr'><strong>rentis</strong></span> <span class='ocrx_word' id='word_1_509' title='bbox 1283 3467 1311 3515; x_wconf 88' lang='lat' dir='ltr'><strong>et</strong></span> <span class='ocrx_word' id='word_1_510' title='bbox 1322 3459 1528 3532; x_wconf 87' lang='lat' dir='ltr'><strong>ntarlimperat;</strong></span> <span class='ocrx_word' id='word_1_511' title='bbox 1542 3464 1576 3517; x_wconf 87' lang='lat' dir='ltr'><strong>ad</strong></span> <span class='ocrx_word' id='word_1_512' title='bbox 1589 3461 1756 3534; x_wconf 73' lang='lat' dir='ltr'><strong>fragilitatem</strong></span> 
     </span>
     <span class='ocr_line' id='line_1_37' title="bbox 129 3539 1759 3626; baseline 0.009 -28"><span class='ocrx_word' id='word_1_513' title='bbox 129 3556 289 3613; x_wconf 69' lang='lat' dir='ltr'><strong>congerens,</strong></span> <span class='ocrx_word' id='word_1_514' title='bbox 303 3539 397 3595; x_wconf 71' lang='lat' dir='ltr'><strong>atltlite</strong></span> <span class='ocrx_word' id='word_1_515' title='bbox 970 3547 1151 3618; x_wconf 88' lang='lat' dir='ltr'><strong>burnanitatis,</strong></span> <span class='ocrx_word' id='word_1_516' title='bbox 1168 3550 1238 3620; x_wconf 84' lang='lat' dir='ltr'><strong>quod</strong></span> <span class='ocrx_word' id='word_1_517' title='bbox 1264 3550 1408 3606; x_wconf 80' lang='lat' dir='ltr'><strong>crucifixus</strong></span> <span class='ocrx_word' id='word_1_518' title='bbox 1421 3563 1462 3608; x_wconf 85' lang='lat' dir='ltr'><strong>eat</strong></span> <span class='ocrx_word' id='word_1_519' title='bbox 1473 3562 1502 3608; x_wconf 81' lang='lat' dir='ltr'><strong>et</strong></span> <span class='ocrx_word' id='word_1_520' title='bbox 1515 3565 1652 3623; x_wconf 86' lang='lat' dir='ltr'><strong>mortuus,</strong></span> <span class='ocrx_word' id='word_1_521' title='bbox 1664 3556 1698 3612; x_wconf 90' lang='lat' dir='ltr'><strong>ad</strong></span> <span class='ocrx_word' id='word_1_522' title='bbox 1714 3573 1759 3626; x_wconf 89' lang='lat' dir='ltr'><strong>po-</strong></span> 
     </span>
     <span class='ocr_line' id='line_1_38' title="bbox 201 3628 1757 3711; baseline 0.013 -30"><span class='ocrx_word' id='word_1_523' title='bbox 201 3635 302 3686; x_wconf 77' lang='lat' dir='ltr'><strong>lluners</strong></span> <span class='ocrx_word' id='word_1_524' title='bbox 313 3639 370 3684; x_wconf 86' lang='lat' dir='ltr'><strong>sunt</strong></span> <span class='ocrx_word' id='word_1_525' title='bbox 381 3629 454 3694; x_wconf 86' lang='lat' dir='ltr'><strong>lauri,</strong></span> <span class='ocrx_word' id='word_1_526' title='bbox 464 3637 491 3682; x_wconf 90' lang='lat' dir='ltr'><strong>et</strong></span> <span class='ocrx_word' id='word_1_527' title='bbox 501 3642 575 3682; x_wconf 73' lang='lat' dir='ltr'><strong>suste</strong></span> <span class='ocrx_word' id='word_1_528' title='bbox 586 3631 678 3680; x_wconf 81' lang='lat' dir='ltr'><strong>rahans</strong></span> <span class='ocrx_word' id='word_1_529' title='bbox 689 3628 839 3692; x_wconf 70' lang='lat' dir='ltr'><strong>hyacintbus.</strong></span> <span class='ocrx_word' id='word_1_530' title='bbox 970 3637 1078 3692; x_wconf 84' lang='lat' dir='ltr'><strong>tentiam</strong></span> <span class='ocrx_word' id='word_1_531' title='bbox 1094 3637 1252 3707; x_wconf 83' lang='lat' dir='ltr'><strong>divinitatis,</strong></span> <span class='ocrx_word' id='word_1_532' title='bbox 1264 3641 1335 3711; x_wconf 74' lang='lat' dir='ltr'><strong>quod</strong></span> <span class='ocrx_word' id='word_1_533' title='bbox 1349 3643 1407 3710; x_wconf 84' lang='lat' dir='ltr'><strong>ejns</strong></span> <span class='ocrx_word' id='word_1_534' title='bbox 1421 3653 1537 3701; x_wconf 89' lang='lat' dir='ltr'><strong>mortem</strong></span> <span class='ocrx_word' id='word_1_535' title='bbox 1553 3645 1687 3703; x_wconf 83' lang='lat' dir='ltr'><strong>elementa</strong></span> <span class='ocrx_word' id='word_1_536' title='bbox 1699 3663 1757 3703; x_wconf 89' lang='lat' dir='ltr'><strong>cunt</strong></span> 
     </span>
    </p>

    <p class='ocr_par' dir='ltr' id='par_1_3' title="bbox 125 3728 1758 5734">
     <span class='ocr_line' id='line_1_39' title="bbox 128 3728 1758 3810; baseline -0.002 -12"><span class='ocrx_word' id='word_1_537' title='bbox 128 3741 162 3799; x_wconf 80' lang='lat' dir='ltr'><strong>Et</strong></span> <span class='ocrx_word' id='word_1_538' title='bbox 172 3751 267 3794; x_wconf 83' lang='lat' dir='ltr'><strong>manus</strong></span> <span class='ocrx_word' id='word_1_539' title='bbox 279 3734 383 3792; x_wconf 88' lang='lat' dir='ltr'><strong>boutlnl</strong></span> <span class='ocrx_word' id='word_1_540' title='bbox 393 3733 533 3805; x_wconf 87' lang='lat' dir='ltr'><strong>purpureis</strong></span> <span class='ocrx_word' id='word_1_541' title='bbox 542 3742 619 3789; x_wconf 89' lang='lat' dir='ltr'><strong>erant</strong></span> <span class='ocrx_word' id='word_1_542' title='bbox 627 3732 738 3789; x_wconf 86' lang='lat' dir='ltr'><strong>llorihua</strong></span> <span class='ocrx_word' id='word_1_543' title='bbox 747 3732 844 3801; x_wconf 74' lang='lat' dir='ltr'><strong>plenae,</strong></span> <span class='ocrx_word' id='word_1_544' title='bbox 855 3730 916 3803; x_wconf 84' lang='lat' dir='ltr'><strong>qnia</strong></span> <span class='ocrx_word' id='word_1_545' title='bbox 970 3728 1141 3785; x_wconf 85' lang='lat' dir='ltr'><strong>terrestribus</strong></span> <span class='ocrx_word' id='word_1_546' title='bbox 1163 3732 1245 3786; x_wconf 89' lang='lat' dir='ltr'><strong>etiam</strong></span> <span class='ocrx_word' id='word_1_547' title='bbox 1270 3744 1405 3790; x_wconf 88' lang='lat' dir='ltr'><strong>tremuere</strong></span> <span class='ocrx_word' id='word_1_548' title='bbox 1426 3736 1567 3804; x_wconf 83' lang='lat' dir='ltr'><strong>coelestia;</strong></span> <span class='ocrx_word' id='word_1_549' title='bbox 1583 3739 1616 3793; x_wconf 89' lang='lat' dir='ltr'><strong>atl</strong></span> <span class='ocrx_word' id='word_1_550' title='bbox 1632 3738 1758 3810; x_wconf 68' lang='lat' dir='ltr'><strong>tragilita-</strong></span> 
     </span>
     <span class='ocr_line' id='line_1_40' title="bbox 130 3820 1758 3900; baseline -0.002 -12"><span class='ocrx_word' id='word_1_551' title='bbox 130 3831 277 3888; x_wconf 84' lang='lat' dir='ltr'><strong>moriturus</strong></span> <span class='ocrx_word' id='word_1_552' title='bbox 291 3841 340 3900; x_wconf 90' lang='lat' dir='ltr'><strong>pro</strong></span> <span class='ocrx_word' id='word_1_553' title='bbox 353 3828 406 3882; x_wconf 84' lang='lat' dir='ltr'><strong>rita</strong></span> <span class='ocrx_word' id='word_1_554' title='bbox 421 3837 523 3892; x_wconf 86' lang='lat' dir='ltr'><strong>nostra,</strong></span> <span class='ocrx_word' id='word_1_555' title='bbox 539 3825 587 3880; x_wconf 85' lang='lat' dir='ltr'><strong>baa</strong></span> <span class='ocrx_word' id='word_1_556' title='bbox 607 3824 634 3880; x_wconf 91' lang='lat' dir='ltr'><strong>in</strong></span> <span class='ocrx_word' id='word_1_557' title='bbox 658 3823 794 3879; x_wconf 88' lang='lat' dir='ltr'><strong>clarorum</strong></span> <span class='ocrx_word' id='word_1_558' title='bbox 818 3823 918 3879; x_wconf 79' lang='lat' dir='ltr'><strong>lluione</strong></span> <span class='ocrx_word' id='word_1_559' title='bbox 969 3825 1023 3874; x_wconf 87' lang='lat' dir='ltr'><strong>tem</strong></span> <span class='ocrx_word' id='word_1_560' title='bbox 1048 3820 1232 3891; x_wconf 84' lang='lat' dir='ltr'><strong>lntmanimtia,</strong></span> <span class='ocrx_word' id='word_1_561' title='bbox 1247 3827 1318 3892; x_wconf 79' lang='lat' dir='ltr'><strong>quoti</strong></span> <span class='ocrx_word' id='word_1_562' title='bbox 1333 3825 1458 3881; x_wconf 85' lang='lat' dir='ltr'><strong>conditus</strong></span> <span class='ocrx_word' id='word_1_563' title='bbox 1481 3829 1663 3897; x_wconf 86' lang='lat' dir='ltr'><strong>aromatibus,</strong></span> <span class='ocrx_word' id='word_1_564' title='bbox 1675 3846 1707 3886; x_wconf 87' lang='lat' dir='ltr'><strong>ae</strong></span> <span class='ocrx_word' id='word_1_565' title='bbox 1718 3847 1758 3884; x_wconf 80' lang='lat' dir='ltr'><strong>se·</strong></span> 
     </span>
     <span class='ocr_line' id='line_1_41' title="bbox 128 3908 1757 3990; baseline -0.001 -11"><span class='ocrx_word' id='word_1_566' title='bbox 128 3922 232 3979; x_wconf 82' lang='lat' dir='ltr'><strong>cruoris</strong></span> <span class='ocrx_word' id='word_1_567' title='bbox 246 3918 346 3990; x_wconf 91' lang='lat' dir='ltr'><strong>proprii</strong></span> <span class='ocrx_word' id='word_1_568' title='bbox 359 3919 458 3975; x_wconf 89' lang='lat' dir='ltr'><strong>rubore</strong></span> <span class='ocrx_word' id='word_1_569' title='bbox 478 3913 607 3986; x_wconf 86' lang='lat' dir='ltr'><strong>pertudit.</strong></span> <span class='ocrx_word' id='word_1_570' title='bbox 630 3914 682 3970; x_wconf 82' lang='lat' dir='ltr'><strong>Sed</strong></span> <span class='ocrx_word' id='word_1_571' title='bbox 696 3928 817 3985; x_wconf 74' lang='lat' dir='ltr'><strong>gemmas</strong></span> <span class='ocrx_word' id='word_1_572' title='bbox 830 3913 919 3982; x_wconf 84' lang='lat' dir='ltr'><strong>potius</strong></span> <span class='ocrx_word' id='word_1_573' title='bbox 970 3908 1059 3980; x_wconf 81' lang='lat' dir='ltr'><strong>pultus</strong></span> <span class='ocrx_word' id='word_1_574' title='bbox 1078 3922 1130 3978; x_wconf 86' lang='lat' dir='ltr'><strong>est,</strong></span> <span class='ocrx_word' id='word_1_575' title='bbox 1145 3913 1179 3969; x_wconf 89' lang='lat' dir='ltr'><strong>ati</strong></span> <span class='ocrx_word' id='word_1_576' title='bbox 1206 3917 1352 3983; x_wconf 86' lang='lat' dir='ltr'><strong>potentiam</strong></span> <span class='ocrx_word' id='word_1_577' title='bbox 1368 3918 1528 3987; x_wconf 58' lang='lat' dir='ltr'><strong>divinitatis,</strong></span> <span class='ocrx_word' id='word_1_578' title='bbox 1542 3921 1615 3988; x_wconf 78' lang='lat' dir='ltr'><strong>qnod</strong></span> <span class='ocrx_word' id='word_1_579' title='bbox 1640 3927 1757 3978; x_wconf 79' lang='lat' dir='ltr'><strong>surrent</strong></span> 
     </span>
     <span class='ocr_line' id='line_1_42' title="bbox 129 4005 1756 4081; baseline 0.001 -13"><span class='ocrx_word' id='word_1_580' title='bbox 129 4013 182 4069; x_wconf 88' lang='lat' dir='ltr'><strong>boc</strong></span> <span class='ocrx_word' id='word_1_581' title='bbox 197 4012 225 4066; x_wconf 90' lang='lat' dir='ltr'><strong>in</strong></span> <span class='ocrx_word' id='word_1_582' title='bbox 248 4012 307 4066; x_wconf 91' lang='lat' dir='ltr'><strong>loeo</strong></span> <span class='ocrx_word' id='word_1_583' title='bbox 321 4009 430 4066; x_wconf 88' lang='lat' dir='ltr'><strong>nomine</strong></span> <span class='ocrx_word' id='word_1_584' title='bbox 445 4006 650 4078; x_wconf 75' lang='lat' dir='ltr'><strong>hyacinthorum</strong></span> <span class='ocrx_word' id='word_1_585' title='bbox 664 4020 743 4076; x_wconf 85' lang='lat' dir='ltr'><strong>qnam</strong></span> <span class='ocrx_word' id='word_1_586' title='bbox 764 4005 844 4062; x_wconf 82' lang='lat' dir='ltr'><strong>liores</strong></span> <span class='ocrx_word' id='word_1_587' title='bbox 858 4019 919 4062; x_wconf 86' lang='lat' dir='ltr'><strong>esse</strong></span> <span class='ocrx_word' id='word_1_588' title='bbox 969 4013 998 4059; x_wconf 92' lang='lat' dir='ltr'><strong>et</strong></span> <span class='ocrx_word' id='word_1_589' title='bbox 1015 4006 1137 4061; x_wconf 86' lang='lat' dir='ltr'><strong>ascetnlit</strong></span> <span class='ocrx_word' id='word_1_590' title='bbox 1147 4007 1173 4061; x_wconf 93' lang='lat' dir='ltr'><strong>in</strong></span> <span class='ocrx_word' id='word_1_591' title='bbox 1187 4007 1288 4074; x_wconf 86' lang='lat' dir='ltr'><strong>coelos;</strong></span> <span class='ocrx_word' id='word_1_592' title='bbox 1303 4010 1336 4063; x_wconf 88' lang='lat' dir='ltr'><strong>atl</strong></span> <span class='ocrx_word' id='word_1_593' title='bbox 1353 4009 1522 4080; x_wconf 76' lang='lat' dir='ltr'><strong>fragilitatem</strong></span> <span class='ocrx_word' id='word_1_594' title='bbox 1536 4014 1653 4081; x_wconf 84' lang='lat' dir='ltr'><strong>pertinet</strong></span> <span class='ocrx_word' id='word_1_595' title='bbox 1665 4015 1756 4070; x_wconf 83' lang='lat' dir='ltr'><strong>huma-</strong></span> 
     </span>
     <span class='ocr_line' id='line_1_43' title="bbox 129 4093 1755 4176; baseline 0.001 -18"><span class='ocrx_word' id='word_1_596' title='bbox 129 4100 319 4170; x_wconf 78' lang='lat' dir='ltr'><strong>intelllgendos</strong></span> <span class='ocrx_word' id='word_1_597' title='bbox 332 4099 411 4155; x_wconf 91' lang='lat' dir='ltr'><strong>docet</strong></span> <span class='ocrx_word' id='word_1_598' title='bbox 424 4098 478 4153; x_wconf 87' lang='lat' dir='ltr'><strong>alia</strong></span> <span class='ocrx_word' id='word_1_599' title='bbox 491 4096 639 4162; x_wconf 84' lang='lat' dir='ltr'><strong>translatio,</strong></span> <span class='ocrx_word' id='word_1_600' title='bbox 652 4110 712 4165; x_wconf 74' lang='lat' dir='ltr'><strong>qne</strong></span> <span class='ocrx_word' id='word_1_601' title='bbox 724 4094 808 4150; x_wconf 84' lang='lat' dir='ltr'><strong>dicit:</strong></span> <span class='ocrx_word' id='word_1_602' title='bbox 821 4093 917 4150; x_wconf 73' lang='lat' dir='ltr'><strong>Moror</strong></span> <span class='ocrx_word' id='word_1_603' title='bbox 971 4096 1072 4164; x_wconf 71' lang='lat' dir='ltr'><strong>altantis,</strong></span> <span class='ocrx_word' id='word_1_604' title='bbox 1084 4097 1155 4164; x_wconf 83' lang='lat' dir='ltr'><strong>nuod</strong></span> <span class='ocrx_word' id='word_1_605' title='bbox 1169 4097 1250 4154; x_wconf 82' lang='lat' dir='ltr'><strong>loaisa</strong></span> <span class='ocrx_word' id='word_1_606' title='bbox 1264 4101 1301 4154; x_wconf 90' lang='lat' dir='ltr'><strong>ait</strong></span> <span class='ocrx_word' id='word_1_607' title='bbox 1313 4119 1319 4153; x_wconf 94' lang='lat'><strong>:</strong></span> <span class='ocrx_word' id='word_1_608' title='bbox 1333 4098 1393 4154; x_wconf 83' lang='lat' dir='ltr'><strong>Noa</strong></span> <span class='ocrx_word' id='word_1_609' title='bbox 1406 4111 1443 4156; x_wconf 87' lang='lat' dir='ltr'><strong>eat</strong></span> <span class='ocrx_word' id='word_1_610' title='bbox 1455 4104 1552 4170; x_wconf 78' lang='lat' dir='ltr'><strong>species</strong></span> <span class='ocrx_word' id='word_1_611' title='bbox 1570 4105 1605 4169; x_wconf 88' lang='lat' dir='ltr'><strong>ei,</strong></span> <span class='ocrx_word' id='word_1_612' title='bbox 1621 4121 1701 4176; x_wconf 76' lang='lat' dir='ltr'><strong>napae</strong></span> <span class='ocrx_word' id='word_1_613' title='bbox 1713 4107 1755 4159; x_wconf 80' lang='lat' dir='ltr'><strong>de-</strong></span> 
     </span>
     <span class='ocr_line' id='line_1_44' title="bbox 126 4185 1755 4268; baseline -0.001 -18"><span class='ocrx_word' id='word_1_614' title='bbox 126 4192 197 4250; x_wconf 82' lang='lat' dir='ltr'><strong>illitu</strong></span> <span class='ocrx_word' id='word_1_615' title='bbox 212 4191 345 4247; x_wconf 74' lang='lat' dir='ltr'><strong>tornatilia</strong></span> <span class='ocrx_word' id='word_1_616' title='bbox 366 4205 445 4244; x_wconf 83' lang='lat' dir='ltr'><strong>uatrea</strong></span> <span class='ocrx_word' id='word_1_617' title='bbox 466 4189 542 4257; x_wconf 84' lang='lat' dir='ltr'><strong>plena</strong></span> <span class='ocrx_word' id='word_1_618' title='bbox 562 4186 656 4242; x_wconf 80' lang='lat' dir='ltr'><strong>thomis</strong></span> <span class='ocrx_word' id='word_1_619' title='bbox 667 4201 677 4241; x_wconf 88' lang='lat'><strong>.·</strong></span> <span class='ocrx_word' id='word_1_620' title='bbox 690 4185 789 4242; x_wconf 83' lang='lat' dir='ltr'><strong>tharsis</strong></span> <span class='ocrx_word' id='word_1_621' title='bbox 801 4201 918 4254; x_wconf 78' lang='lat' dir='ltr'><strong>namque</strong></span> <span class='ocrx_word' id='word_1_622' title='bbox 969 4203 1022 4253; x_wconf 88' lang='lat' dir='ltr'><strong>car,</strong></span> <span class='ocrx_word' id='word_1_623' title='bbox 1033 4199 1057 4242; x_wconf 84' lang='lat' dir='ltr'><strong>et</strong></span> <span class='ocrx_word' id='word_1_624' title='bbox 1068 4190 1177 4245; x_wconf 82' lang='lat' dir='ltr'><strong>vidimus</strong></span> <span class='ocrx_word' id='word_1_625' title='bbox 1188 4206 1247 4245; x_wconf 87' lang='lat' dir='ltr'><strong>enm</strong></span> <span class='ocrx_word' id='word_1_626' title='bbox 1261 4197 1406 4262; x_wconf 84' lang='lat' dir='ltr'><strong>despectum</strong></span> <span class='ocrx_word' id='word_1_627' title='bbox 1422 4191 1499 4262; x_wconf 85' lang='lat' dir='ltr'><strong>(lsai.</strong></span> <span class='ocrx_word' id='word_1_628' title='bbox 1512 4209 1570 4260; x_wconf 85' lang='lat' dir='ltr'><strong>utta,</strong></span> <span class='ocrx_word' id='word_1_629' title='bbox 1582 4194 1623 4268; x_wconf 81' lang='lat'><strong>3).</strong></span> <span class='ocrx_word' id='word_1_630' title='bbox 1639 4197 1672 4251; x_wconf 74' lang='lat' dir='ltr'><strong>llt</strong></span> <span class='ocrx_word' id='word_1_631' title='bbox 1681 4201 1755 4265; x_wconf 88' lang='lat' dir='ltr'><strong>paulo</strong></span> 
     </span>
     <span class='ocr_line' id='line_1_45' title="bbox 126 4275 1754 4359; baseline 0.003 -22"><span class='ocrx_word' id='word_1_632' title='bbox 126 4284 197 4351; x_wconf 69' lang='lat' dir='ltr'><strong>atiud</strong></span> <span class='ocrx_word' id='word_1_633' title='bbox 222 4282 351 4339; x_wconf 80' lang='lat' dir='ltr'><strong>llebraoa</strong></span> <span class='ocrx_word' id='word_1_634' title='bbox 377 4293 477 4335; x_wconf 89' lang='lat' dir='ltr'><strong>nomen</strong></span> <span class='ocrx_word' id='word_1_635' title='bbox 502 4276 598 4348; x_wconf 86' lang='lat' dir='ltr'><strong>lapidis</strong></span> <span class='ocrx_word' id='word_1_636' title='bbox 625 4284 667 4334; x_wconf 86' lang='lat' dir='ltr'><strong>est</strong></span> <span class='ocrx_word' id='word_1_637' title='bbox 699 4277 744 4346; x_wconf 83' lang='lat' dir='ltr'><strong>qul</strong></span> <span class='ocrx_word' id='word_1_638' title='bbox 770 4275 842 4346; x_wconf 87' lang='lat' dir='ltr'><strong>apud</strong></span> <span class='ocrx_word' id='word_1_639' title='bbox 869 4293 918 4333; x_wconf 84' lang='lat' dir='ltr'><strong>uus</strong></span> <span class='ocrx_word' id='word_1_640' title='bbox 969 4282 1176 4352; x_wconf 74' lang='lat' dir='ltr'><strong>postzetqnast</strong></span> <span class='ocrx_word' id='word_1_641' title='bbox 1194 4284 1358 4340; x_wconf 78' lang='lat' dir='ltr'><strong>abacoadtas</strong></span> <span class='ocrx_word' id='word_1_642' title='bbox 1383 4287 1469 4341; x_wconf 84' lang='lat' dir='ltr'><strong>aulam</strong></span> <span class='ocrx_word' id='word_1_643' title='bbox 1485 4291 1588 4359; x_wconf 80' lang='lat' dir='ltr'><strong>ejna,et</strong></span> <span class='ocrx_word' id='word_1_644' title='bbox 1609 4289 1754 4358; x_wconf 66' lang='lat' dir='ltr'><strong>despectas,</strong></span> 
     </span>
     <span class='ocr_line' id='line_1_46' title="bbox 126 4375 1756 4463; baseline -0.002 -28"><span class='ocrx_word' id='word_1_645' title='bbox 126 4378 317 4435; x_wconf 84' lang='lat' dir='ltr'><strong>chalcedonius</strong></span> <span class='ocrx_word' id='word_1_646' title='bbox 333 4383 453 4430; x_wconf 84' lang='lat' dir='ltr'><strong>vocatur.</strong></span> <span class='ocrx_word' id='word_1_647' title='bbox 933 4375 1036 4463; x_wconf 64' lang='lat' dir='ltr'><strong>nunde</strong></span> <span class='ocrx_word' id='word_1_648' title='bbox 1047 4391 1094 4429; x_wconf 84' lang='lat' dir='ltr'><strong>aec</strong></span> <span class='ocrx_word' id='word_1_649' title='bbox 1111 4378 1285 4441; x_wconf 83' lang='lat' dir='ltr'><strong>reputarimns</strong></span> <span class='ocrx_word' id='word_1_650' title='bbox 1304 4393 1361 4431; x_wconf 82' lang='lat' dir='ltr'><strong>curn</strong></span> <span class='ocrx_word' id='word_1_651' title='bbox 1376 4377 1490 4446; x_wconf 77' lang='lat' dir='ltr'><strong>(lttid.l;</strong></span> <span class='ocrx_word' id='word_1_652' title='bbox 1507 4381 1539 4432; x_wconf 85' lang='lat' dir='ltr'><strong>atl</strong></span> <span class='ocrx_word' id='word_1_653' title='bbox 1557 4381 1704 4449; x_wconf 81' lang='lat' dir='ltr'><strong>potentiam</strong></span> <span class='ocrx_word' id='word_1_654' title='bbox 1719 4383 1756 4434; x_wconf 80' lang='lat' dir='ltr'><strong>di-</strong></span> 
     </span>
     <span class='ocr_line' id='line_1_47' title="bbox 165 4462 1753 4543; baseline -0.002 -17"><span class='ocrx_word' id='word_1_655' title='bbox 165 4469 324 4540; x_wconf 75' lang='lat' dir='ltr'><strong>l&#39;errterejtta</strong></span> <span class='ocrx_word' id='word_1_656' title='bbox 336 4469 470 4535; x_wconf 67' lang='lat' dir='ltr'><strong>doram,</strong></span> <span class='ocrx_word' id='word_1_657' title='bbox 487 4478 538 4521; x_wconf 84' lang='lat' dir='ltr'><strong>etc.</strong></span> <span class='ocrx_word' id='word_1_658' title='bbox 556 4464 657 4521; x_wconf 75' lang='lat' dir='ltr'><strong>Venter</strong></span> <span class='ocrx_word' id='word_1_659' title='bbox 672 4462 872 4533; x_wconf 72' lang='lat' dir='ltr'><strong>fragilissimum</strong></span> <span class='ocrx_word' id='word_1_660' title='bbox 889 4464 915 4519; x_wconf 90' lang='lat' dir='ltr'><strong>iu</strong></span> <span class='ocrx_word' id='word_1_661' title='bbox 970 4468 1095 4530; x_wconf 80' lang='lat' dir='ltr'><strong>vinitatis,</strong></span> <span class='ocrx_word' id='word_1_662' title='bbox 1110 4466 1183 4536; x_wconf 82' lang='lat' dir='ltr'><strong>quotl</strong></span> <span class='ocrx_word' id='word_1_663' title='bbox 1205 4469 1241 4520; x_wconf 87' lang='lat' dir='ltr'><strong>ait</strong></span> <span class='ocrx_word' id='word_1_664' title='bbox 1262 4468 1398 4524; x_wconf 85' lang='lat' dir='ltr'><strong>loannes:</strong></span> <span class='ocrx_word' id='word_1_665' title='bbox 1415 4467 1533 4525; x_wconf 79' lang='lat' dir='ltr'><strong>Vidimus</strong></span> <span class='ocrx_word' id='word_1_666' title='bbox 1557 4469 1669 4540; x_wconf 75' lang='lat' dir='ltr'><strong>pieriam</strong></span> <span class='ocrx_word' id='word_1_667' title='bbox 1690 4473 1753 4543; x_wconf 76' lang='lat' dir='ltr'><strong>ajat,</strong></span> 
     </span>
     <span class='ocr_line' id='line_1_48' title="bbox 127 4556 1755 4628; baseline -0.002 -9"><span class='ocrx_word' id='word_1_668' title='bbox 127 4562 254 4619; x_wconf 83' lang='lat' dir='ltr'><strong>membris</strong></span> <span class='ocrx_word' id='word_1_669' title='bbox 268 4560 368 4615; x_wconf 83' lang='lat' dir='ltr'><strong>nttstris</strong></span> <span class='ocrx_word' id='word_1_670' title='bbox 382 4560 468 4614; x_wconf 90' lang='lat' dir='ltr'><strong>loatnn</strong></span> <span class='ocrx_word' id='word_1_671' title='bbox 485 4566 573 4625; x_wconf 86' lang='lat' dir='ltr'><strong>tenet,</strong></span> <span class='ocrx_word' id='word_1_672' title='bbox 589 4556 652 4628; x_wconf 81' lang='lat' dir='ltr'><strong>quia</strong></span> <span class='ocrx_word' id='word_1_673' title='bbox 666 4556 792 4611; x_wconf 89' lang='lat' dir='ltr'><strong>nimirum</strong></span> <span class='ocrx_word' id='word_1_674' title='bbox 805 4564 832 4610; x_wconf 90' lang='lat' dir='ltr'><strong>et</strong></span> <span class='ocrx_word' id='word_1_675' title='bbox 845 4558 917 4610; x_wconf 82' lang='lat' dir='ltr'><strong>ossi·</strong></span> <span class='ocrx_word' id='word_1_676' title='bbox 968 4557 1162 4628; x_wconf 75' lang='lat' dir='ltr'><strong>plariantquasi</strong></span> <span class='ocrx_word' id='word_1_677' title='bbox 1177 4558 1327 4625; x_wconf 77' lang='lat' dir='ltr'><strong>arripenitia</strong></span> <span class='ocrx_word' id='word_1_678' title='bbox 1344 4557 1432 4624; x_wconf 81' lang='lat' dir='ltr'><strong>Putre,</strong></span> <span class='ocrx_word' id='word_1_679' title='bbox 1447 4561 1551 4627; x_wconf 86' lang='lat' dir='ltr'><strong>ptennor</strong></span> <span class='ocrx_word' id='word_1_680' title='bbox 1565 4562 1659 4628; x_wconf 73' lang='lat' dir='ltr'><strong>pratia</strong></span> <span class='ocrx_word' id='word_1_681' title='bbox 1673 4570 1697 4616; x_wconf 86' lang='lat' dir='ltr'><strong>et</strong></span> <span class='ocrx_word' id='word_1_682' title='bbox 1716 4576 1755 4615; x_wconf 81' lang='lat' dir='ltr'><strong>rc·</strong></span> 
     </span>
     <span class='ocr_line' id='line_1_49' title="bbox 125 4646 1755 4724; baseline -0.002 -13"><span class='ocrx_word' id='word_1_683' title='bbox 125 4655 179 4711; x_wconf 81' lang='lat' dir='ltr'><strong>hus</strong></span> <span class='ocrx_word' id='word_1_684' title='bbox 200 4651 296 4724; x_wconf 82' lang='lat' dir='ltr'><strong>quibus</strong></span> <span class='ocrx_word' id='word_1_685' title='bbox 317 4650 454 4705; x_wconf 89' lang='lat' dir='ltr'><strong>muniatur</strong></span> <span class='ocrx_word' id='word_1_686' title='bbox 474 4657 559 4717; x_wconf 91' lang='lat' dir='ltr'><strong>caret,</strong></span> <span class='ocrx_word' id='word_1_687' title='bbox 575 4656 603 4703; x_wconf 89' lang='lat' dir='ltr'><strong>et</strong></span> <span class='ocrx_word' id='word_1_688' title='bbox 626 4649 680 4713; x_wconf 88' lang='lat' dir='ltr'><strong>llia,</strong></span> <span class='ocrx_word' id='word_1_689' title='bbox 696 4661 811 4718; x_wconf 86' lang='lat' dir='ltr'><strong>quorum</strong></span> <span class='ocrx_word' id='word_1_690' title='bbox 835 4660 917 4704; x_wconf 87' lang='lat' dir='ltr'><strong>omne</strong></span> <span class='ocrx_word' id='word_1_691' title='bbox 967 4647 1051 4701; x_wconf 81' lang='lat' dir='ltr'><strong>citatis</strong></span> <span class='ocrx_word' id='word_1_692' title='bbox 1064 4646 1154 4717; x_wconf 82' lang='lat' dir='ltr'><strong>(doun.</strong></span> <span class='ocrx_word' id='word_1_693' title='bbox 1166 4646 1197 4719; x_wconf 87' lang='lat' dir='ltr'><strong>t).</strong></span> <span class='ocrx_word' id='word_1_694' title='bbox 1214 4648 1360 4704; x_wconf 83' lang='lat' dir='ltr'><strong>bistinctus</strong></span> <span class='ocrx_word' id='word_1_695' title='bbox 1372 4656 1415 4704; x_wconf 89' lang='lat' dir='ltr'><strong>est</strong></span> <span class='ocrx_word' id='word_1_696' title='bbox 1429 4665 1493 4720; x_wconf 78' lang='lat' dir='ltr'><strong>ergo</strong></span> <span class='ocrx_word' id='word_1_697' title='bbox 1506 4650 1755 4720; x_wconf 87' lang='lat' dir='ltr'><strong>sapphiruareuter</strong></span> 
     </span>
     <span class='ocr_line' id='line_1_50' title="bbox 126 4737 1751 4810; baseline -0.002 -9"><span class='ocrx_word' id='word_1_698' title='bbox 126 4745 221 4801; x_wconf 82' lang='lat' dir='ltr'><strong>ruluus</strong></span> <span class='ocrx_word' id='word_1_699' title='bbox 236 4741 414 4810; x_wconf 82' lang='lat' dir='ltr'><strong>periculosum</strong></span> <span class='ocrx_word' id='word_1_700' title='bbox 429 4747 481 4805; x_wconf 87' lang='lat' dir='ltr'><strong>est,</strong></span> <span class='ocrx_word' id='word_1_701' title='bbox 498 4754 547 4794; x_wconf 86' lang='lat' dir='ltr'><strong>suo</strong></span> <span class='ocrx_word' id='word_1_702' title='bbox 573 4737 743 4808; x_wconf 87' lang='lat' dir='ltr'><strong>receptaculo</strong></span> <span class='ocrx_word' id='word_1_703' title='bbox 756 4737 916 4807; x_wconf 90' lang='lat' dir='ltr'><strong>complecti·</strong></span> <span class='ocrx_word' id='word_1_704' title='bbox 969 4737 1066 4794; x_wconf 79' lang='lat' dir='ltr'><strong>christi</strong></span> <span class='ocrx_word' id='word_1_705' title='bbox 1089 4738 1233 4802; x_wconf 87' lang='lat' dir='ltr'><strong>eburneus,</strong></span> <span class='ocrx_word' id='word_1_706' title='bbox 1247 4738 1309 4808; x_wconf 80' lang='lat' dir='ltr'><strong>qnia</strong></span> <span class='ocrx_word' id='word_1_707' title='bbox 1333 4739 1502 4794; x_wconf 89' lang='lat' dir='ltr'><strong>imntaculata</strong></span> <span class='ocrx_word' id='word_1_708' title='bbox 1516 4751 1544 4794; x_wconf 90' lang='lat' dir='ltr'><strong>et</strong></span> <span class='ocrx_word' id='word_1_709' title='bbox 1558 4741 1751 4798; x_wconf 73' lang='lat' dir='ltr'><strong>incarnaretur-</strong></span> 
     </span>
     <span class='ocr_line' id='line_1_51' title="bbox 126 4828 1755 4902; baseline -0.006 -6"><span class='ocrx_word' id='word_1_710' title='bbox 126 4848 180 4895; x_wconf 85' lang='lat' dir='ltr'><strong>tur.</strong></span> <span class='ocrx_word' id='word_1_711' title='bbox 197 4836 269 4892; x_wconf 80' lang='lat' dir='ltr'><strong>Ebur</strong></span> <span class='ocrx_word' id='word_1_712' title='bbox 280 4842 369 4889; x_wconf 82' lang='lat' dir='ltr'><strong>autem</strong></span> <span class='ocrx_word' id='word_1_713' title='bbox 382 4846 413 4887; x_wconf 86' lang='lat' dir='ltr'><strong>os</strong></span> <span class='ocrx_word' id='word_1_714' title='bbox 423 4839 466 4889; x_wconf 80' lang='lat' dir='ltr'><strong>est</strong></span> <span class='ocrx_word' id='word_1_715' title='bbox 478 4831 639 4902; x_wconf 87' lang='lat' dir='ltr'><strong>elephantis,</strong></span> <span class='ocrx_word' id='word_1_716' title='bbox 649 4829 720 4900; x_wconf 83' lang='lat' dir='ltr'><strong>quod</strong></span> <span class='ocrx_word' id='word_1_717' title='bbox 734 4828 824 4884; x_wconf 82' lang='lat' dir='ltr'><strong>nimiae</strong></span> <span class='ocrx_word' id='word_1_718' title='bbox 836 4829 918 4885; x_wconf 89' lang='lat' dir='ltr'><strong>casti·</strong></span> <span class='ocrx_word' id='word_1_719' title='bbox 968 4830 1029 4885; x_wconf 84' lang='lat' dir='ltr'><strong>bilis</strong></span> <span class='ocrx_word' id='word_1_720' title='bbox 1043 4831 1102 4900; x_wconf 81' lang='lat' dir='ltr'><strong>ejus</strong></span> <span class='ocrx_word' id='word_1_721' title='bbox 1116 4828 1285 4899; x_wconf 82' lang='lat' dir='ltr'><strong>incarnatio,</strong></span> <span class='ocrx_word' id='word_1_722' title='bbox 1302 4830 1485 4901; x_wconf 81' lang='lat' dir='ltr'><strong>lrequentibur</strong></span> <span class='ocrx_word' id='word_1_723' title='bbox 1498 4830 1606 4887; x_wconf 76' lang='lat' dir='ltr'><strong>relulsit</strong></span> <span class='ocrx_word' id='word_1_724' title='bbox 1620 4834 1755 4889; x_wconf 75' lang='lat' dir='ltr'><strong>miraculis</strong></span> 
     </span>
     <span class='ocr_line' id='line_1_52' title="bbox 126 4919 1754 4996; baseline -0.006 -9"><span class='ocrx_word' id='word_1_725' title='bbox 126 4932 189 4987; x_wconf 78' lang='lat' dir='ltr'><strong>tatis</strong></span> <span class='ocrx_word' id='word_1_726' title='bbox 200 4928 297 4984; x_wconf 86' lang='lat' dir='ltr'><strong>aulanal</strong></span> <span class='ocrx_word' id='word_1_727' title='bbox 311 4937 338 4982; x_wconf 91' lang='lat' dir='ltr'><strong>et</strong></span> <span class='ocrx_word' id='word_1_728' title='bbox 353 4926 441 4996; x_wconf 75' lang='lat' dir='ltr'><strong>lrigidi</strong></span> <span class='ocrx_word' id='word_1_729' title='bbox 454 4925 594 4996; x_wconf 71' lang='lat' dir='ltr'><strong>sanguinis</strong></span> <span class='ocrx_word' id='word_1_730' title='bbox 607 4938 668 4979; x_wconf 85' lang='lat' dir='ltr'><strong>esse</strong></span> <span class='ocrx_word' id='word_1_731' title='bbox 680 4923 781 4978; x_wconf 88' lang='lat' dir='ltr'><strong>lerunt.</strong></span> <span class='ocrx_word' id='word_1_732' title='bbox 801 4923 876 4980; x_wconf 85' lang='lat' dir='ltr'><strong>Unde</strong></span> <span class='ocrx_word' id='word_1_733' title='bbox 890 4934 919 4980; x_wconf 92' lang='lat' dir='ltr'><strong>et</strong></span> <span class='ocrx_word' id='word_1_734' title='bbox 968 4921 1064 4976; x_wconf 75' lang='lat' dir='ltr'><strong>dirtos</strong></span> <span class='ocrx_word' id='word_1_735' title='bbox 1078 4919 1256 4975; x_wconf 80' lang='lat' dir='ltr'><strong>celsitudinis.</strong></span> <span class='ocrx_word' id='word_1_736' title='bbox 1269 4919 1421 4976; x_wconf 84' lang='lat' dir='ltr'><strong>Notandum</strong></span> <span class='ocrx_word' id='word_1_737' title='bbox 1434 4923 1506 4977; x_wconf 90' lang='lat' dir='ltr'><strong>enim</strong></span> <span class='ocrx_word' id='word_1_738' title='bbox 1521 4924 1595 4992; x_wconf 78' lang='lat' dir='ltr'><strong>ottod</strong></span> <span class='ocrx_word' id='word_1_739' title='bbox 1610 4925 1643 4980; x_wconf 89' lang='lat' dir='ltr'><strong>de</strong></span> <span class='ocrx_word' id='word_1_740' title='bbox 1655 4925 1754 4995; x_wconf 81' lang='lat' dir='ltr'><strong>sappbi-</strong></span> 
     </span>
     <span class='ocr_line' id='line_1_53' title="bbox 126 5009 1754 5092; baseline -0.005 -13"><span class='ocrx_word' id='word_1_741' title='bbox 126 5022 267 5092; x_wconf 80' lang='lat' dir='ltr'><strong>ntorsejus</strong></span> <span class='ocrx_word' id='word_1_742' title='bbox 276 5036 292 5076; x_wconf 87' lang='lat' dir='ltr'><strong>a</strong></span> <span class='ocrx_word' id='word_1_743' title='bbox 302 5018 419 5077; x_wconf 86' lang='lat' dir='ltr'><strong>dracone</strong></span> <span class='ocrx_word' id='word_1_744' title='bbox 432 5018 518 5075; x_wconf 91' lang='lat' dir='ltr'><strong>crebri</strong></span> <span class='ocrx_word' id='word_1_745' title='bbox 530 5018 679 5087; x_wconf 86' lang='lat' dir='ltr'><strong>sappetitur</strong></span> <span class='ocrx_word' id='word_1_746' title='bbox 692 5014 807 5080; x_wconf 88' lang='lat' dir='ltr'><strong>insidiis,</strong></span> <span class='ocrx_word' id='word_1_747' title='bbox 819 5025 848 5069; x_wconf 90' lang='lat' dir='ltr'><strong>ut</strong></span> <span class='ocrx_word' id='word_1_748' title='bbox 856 5027 918 5084; x_wconf 92' lang='lat' dir='ltr'><strong>pote</strong></span> <span class='ocrx_word' id='word_1_749' title='bbox 969 5011 1027 5066; x_wconf 93' lang='lat' dir='ltr'><strong>rino</strong></span> <span class='ocrx_word' id='word_1_750' title='bbox 1040 5011 1131 5066; x_wconf 90' lang='lat' dir='ltr'><strong>colore</strong></span> <span class='ocrx_word' id='word_1_751' title='bbox 1143 5009 1280 5080; x_wconf 87' lang='lat' dir='ltr'><strong>Scriptura</strong></span> <span class='ocrx_word' id='word_1_752' title='bbox 1295 5011 1346 5078; x_wconf 89' lang='lat' dir='ltr'><strong>uit,</strong></span> <span class='ocrx_word' id='word_1_753' title='bbox 1360 5014 1423 5082; x_wconf 83' lang='lat' dir='ltr'><strong>qttia</strong></span> <span class='ocrx_word' id='word_1_754' title='bbox 1435 5012 1494 5067; x_wconf 85' lang='lat' dir='ltr'><strong>talis</strong></span> <span class='ocrx_word' id='word_1_755' title='bbox 1508 5013 1542 5066; x_wconf 89' lang='lat' dir='ltr'><strong>sit</strong></span> <span class='ocrx_word' id='word_1_756' title='bbox 1555 5015 1671 5083; x_wconf 87' lang='lat' dir='ltr'><strong>speciei,</strong></span> <span class='ocrx_word' id='word_1_757' title='bbox 1681 5015 1754 5087; x_wconf 84' lang='lat' dir='ltr'><strong>quale</strong></span> 
     </span>
     <span class='ocr_line' id='line_1_54' title="bbox 127 5104 1754 5187; baseline -0.005 -17"><span class='ocrx_word' id='word_1_758' title='bbox 127 5115 172 5187; x_wconf 78' lang='lat' dir='ltr'><strong>qui</strong></span> <span class='ocrx_word' id='word_1_759' title='bbox 185 5112 307 5169; x_wconf 80' lang='lat' dir='ltr'><strong>ardentia</strong></span> <span class='ocrx_word' id='word_1_760' title='bbox 322 5125 369 5166; x_wconf 83' lang='lat' dir='ltr'><strong>sua</strong></span> <span class='ocrx_word' id='word_1_761' title='bbox 384 5109 487 5165; x_wconf 82' lang='lat' dir='ltr'><strong>viscera</strong></span> <span class='ocrx_word' id='word_1_762' title='bbox 511 5116 603 5179; x_wconf 87' lang='lat' dir='ltr'><strong>potatu</strong></span> <span class='ocrx_word' id='word_1_763' title='bbox 619 5109 679 5175; x_wconf 85' lang='lat' dir='ltr'><strong>ejus</strong></span> <span class='ocrx_word' id='word_1_764' title='bbox 692 5107 823 5176; x_wconf 76' lang='lat' dir='ltr'><strong>sattguine</strong></span> <span class='ocrx_word' id='word_1_765' title='bbox 838 5105 916 5160; x_wconf 87' lang='lat' dir='ltr'><strong>rclri·</strong></span> <span class='ocrx_word' id='word_1_766' title='bbox 968 5105 1077 5171; x_wconf 87' lang='lat' dir='ltr'><strong>coelum,</strong></span> <span class='ocrx_word' id='word_1_767' title='bbox 1087 5119 1148 5158; x_wconf 87' lang='lat' dir='ltr'><strong>curn</strong></span> <span class='ocrx_word' id='word_1_768' title='bbox 1159 5117 1285 5161; x_wconf 82' lang='lat' dir='ltr'><strong>sorentum</strong></span> <span class='ocrx_word' id='word_1_769' title='bbox 1299 5104 1344 5160; x_wconf 85' lang='lat' dir='ltr'><strong>sit.</strong></span> <span class='ocrx_word' id='word_1_770' title='bbox 1361 5104 1475 5160; x_wconf 87' lang='lat' dir='ltr'><strong>Nomine</strong></span> <span class='ocrx_word' id='word_1_771' title='bbox 1488 5115 1579 5160; x_wconf 85' lang='lat' dir='ltr'><strong>antem</strong></span> <span class='ocrx_word' id='word_1_772' title='bbox 1593 5109 1657 5163; x_wconf 79' lang='lat' dir='ltr'><strong>eceli</strong></span> <span class='ocrx_word' id='word_1_773' title='bbox 1670 5110 1754 5165; x_wconf 76' lang='lat' dir='ltr'><strong>sereni</strong></span> 
     </span>
     <span class='ocr_line' id='line_1_55' title="bbox 128 5194 1753 5278; baseline -0.007 -14"><span class='ocrx_word' id='word_1_774' title='bbox 128 5205 378 5278; x_wconf 74' lang='lat' dir='ltr'><strong>peraredestueret.</strong></span> <span class='ocrx_word' id='word_1_775' title='bbox 395 5203 542 5272; x_wconf 83' lang='lat' dir='ltr'><strong>sapphirus</strong></span> <span class='ocrx_word' id='word_1_776' title='bbox 555 5209 644 5255; x_wconf 86' lang='lat' dir='ltr'><strong>autent</strong></span> <span class='ocrx_word' id='word_1_777' title='bbox 661 5199 740 5266; x_wconf 84' lang='lat' dir='ltr'><strong>lapis,</strong></span> <span class='ocrx_word' id='word_1_778' title='bbox 757 5197 833 5266; x_wconf 76' lang='lat' dir='ltr'><strong>cujus</strong></span> <span class='ocrx_word' id='word_1_779' title='bbox 844 5197 918 5253; x_wconf 91' lang='lat' dir='ltr'><strong>colo·</strong></span> <span class='ocrx_word' id='word_1_780' title='bbox 968 5195 1117 5251; x_wconf 78' lang='lat' dir='ltr'><strong>sublimitas</strong></span> <span class='ocrx_word' id='word_1_781' title='bbox 1141 5194 1239 5250; x_wconf 75' lang='lat' dir='ltr'><strong>diriore</strong></span> <span class='ocrx_word' id='word_1_782' title='bbox 1263 5195 1412 5266; x_wconf 81' lang='lat' dir='ltr'><strong>majestatis</strong></span> <span class='ocrx_word' id='word_1_783' title='bbox 1427 5212 1479 5252; x_wconf 92' lang='lat' dir='ltr'><strong>non</strong></span> <span class='ocrx_word' id='word_1_784' title='bbox 1495 5196 1646 5267; x_wconf 68' lang='lat' dir='ltr'><strong>incongrue</strong></span> <span class='ocrx_word' id='word_1_785' title='bbox 1662 5202 1753 5270; x_wconf 75' lang='lat' dir='ltr'><strong>ligura·</strong></span> 
     </span>
     <span class='ocr_line' id='line_1_56' title="bbox 127 5286 1754 5366; baseline -0.006 -11"><span class='ocrx_word' id='word_1_786' title='bbox 127 5297 165 5357; x_wconf 81' lang='lat' dir='ltr'><strong>rh</strong></span> <span class='ocrx_word' id='word_1_787' title='bbox 177 5300 226 5366; x_wconf 86' lang='lat' dir='ltr'><strong>sit,</strong></span> <span class='ocrx_word' id='word_1_788' title='bbox 239 5305 350 5354; x_wconf 78' lang='lat' dir='ltr'><strong>testatur</strong></span> <span class='ocrx_word' id='word_1_789' title='bbox 363 5296 472 5352; x_wconf 87' lang='lat' dir='ltr'><strong>ltistoria</strong></span> <span class='ocrx_word' id='word_1_790' title='bbox 486 5309 574 5359; x_wconf 84' lang='lat' dir='ltr'><strong>sacra,</strong></span> <span class='ocrx_word' id='word_1_791' title='bbox 585 5307 644 5362; x_wconf 76' lang='lat' dir='ltr'><strong>qna</strong></span> <span class='ocrx_word' id='word_1_792' title='bbox 657 5291 740 5346; x_wconf 89' lang='lat' dir='ltr'><strong>dicit:</strong></span> <span class='ocrx_word' id='word_1_793' title='bbox 753 5287 786 5342; x_wconf 80' lang='lat' dir='ltr'><strong>b&#39;t</strong></span> <span class='ocrx_word' id='word_1_794' title='bbox 799 5290 916 5344; x_wconf 83' lang='lat' dir='ltr'><strong>ciderunt</strong></span> <span class='ocrx_word' id='word_1_795' title='bbox 969 5294 1023 5351; x_wconf 91' lang='lat' dir='ltr'><strong>tur,</strong></span> <span class='ocrx_word' id='word_1_796' title='bbox 1037 5286 1176 5340; x_wconf 82' lang='lat' dir='ltr'><strong>l&#39;salmista</strong></span> <span class='ocrx_word' id='word_1_797' title='bbox 1188 5294 1342 5351; x_wconf 69' lang='lat' dir='ltr'><strong>attmtante,</strong></span> <span class='ocrx_word' id='word_1_798' title='bbox 1352 5287 1398 5359; x_wconf 89' lang='lat' dir='ltr'><strong>qui</strong></span> <span class='ocrx_word' id='word_1_799' title='bbox 1412 5286 1625 5343; x_wconf 85' lang='lat' dir='ltr'><strong>irrcarnationenr</strong></span> <span class='ocrx_word' id='word_1_800' title='bbox 1639 5290 1754 5362; x_wconf 80' lang='lat' dir='ltr'><strong>ejtrsdeot</strong></span> 
     </span>
     <span class='ocr_line' id='line_1_57' title="bbox 128 5376 1754 5462; baseline -0.008 -13"><span class='ocrx_word' id='word_1_801' title='bbox 128 5391 211 5449; x_wconf 73' lang='lat' dir='ltr'><strong>bem</strong></span> <span class='ocrx_word' id='word_1_802' title='bbox 224 5392 309 5448; x_wconf 82' lang='lat' dir='ltr'><strong>irruat</strong></span> <span class='ocrx_word' id='word_1_803' title='bbox 322 5393 369 5446; x_wconf 77' lang='lat' dir='ltr'><strong>aab</strong></span> <span class='ocrx_word' id='word_1_804' title='bbox 383 5391 488 5462; x_wconf 80' lang='lat' dir='ltr'><strong>pedihus</strong></span> <span class='ocrx_word' id='word_1_805' title='bbox 502 5391 567 5461; x_wconf 77' lang='lat' dir='ltr'><strong>ejas,</strong></span> <span class='ocrx_word' id='word_1_806' title='bbox 583 5387 658 5458; x_wconf 76' lang='lat' dir='ltr'><strong>quari</strong></span> <span class='ocrx_word' id='word_1_807' title='bbox 672 5402 736 5454; x_wconf 83' lang='lat' dir='ltr'><strong>opas</strong></span> <span class='ocrx_word' id='word_1_808' title='bbox 752 5384 846 5452; x_wconf 80' lang='lat' dir='ltr'><strong>lapidis</strong></span> <span class='ocrx_word' id='word_1_809' title='bbox 858 5401 917 5454; x_wconf 85' lang='lat' dir='ltr'><strong>rup-</strong></span> <span class='ocrx_word' id='word_1_810' title='bbox 968 5376 1154 5446; x_wconf 83' lang='lat' dir='ltr'><strong>Redetnptoris</strong></span> <span class='ocrx_word' id='word_1_811' title='bbox 1178 5379 1261 5435; x_wconf 87' lang='lat' dir='ltr'><strong>nostri</strong></span> <span class='ocrx_word' id='word_1_812' title='bbox 1284 5379 1440 5435; x_wconf 85' lang='lat' dir='ltr'><strong>describens</strong></span> <span class='ocrx_word' id='word_1_813' title='bbox 1464 5380 1502 5435; x_wconf 89' lang='lat' dir='ltr'><strong>ait</strong></span> <span class='ocrx_word' id='word_1_814' title='bbox 1514 5399 1521 5434; x_wconf 78' lang='grc' dir='ltr'>ι</span> <span class='ocrx_word' id='word_1_815' title='bbox 1534 5383 1556 5435; x_wconf 84' lang='lat' dir='ltr'><strong>.t</strong></span> <span class='ocrx_word' id='word_1_816' title='bbox 1576 5398 1679 5439; x_wconf 75' lang='lat' dir='ltr'><strong>samam</strong></span> <span class='ocrx_word' id='word_1_817' title='bbox 1696 5383 1754 5439; x_wconf 78' lang='lat' dir='ltr'><strong>cela</strong></span> 
     </span>
     <span class='ocr_line' id='line_1_58' title="bbox 126 5473 1754 5556; baseline 0.002 -20"><span class='ocrx_word' id='word_1_818' title='bbox 126 5485 206 5554; x_wconf 75' lang='lat' dir='ltr'><strong>plici,</strong></span> <span class='ocrx_word' id='word_1_819' title='bbox 220 5495 244 5539; x_wconf 83' lang='lat' dir='ltr'><strong>at</strong></span> <span class='ocrx_word' id='word_1_820' title='bbox 268 5485 342 5556; x_wconf 78' lang='lat' dir='ltr'><strong>quasi</strong></span> <span class='ocrx_word' id='word_1_821' title='bbox 364 5482 456 5539; x_wconf 81' lang='lat' dir='ltr'><strong>coeluat</strong></span> <span class='ocrx_word' id='word_1_822' title='bbox 469 5499 526 5537; x_wconf 83' lang='lat' dir='ltr'><strong>euro</strong></span> <span class='ocrx_word' id='word_1_823' title='bbox 538 5496 655 5536; x_wconf 82' lang='lat' dir='ltr'><strong>serenum</strong></span> <span class='ocrx_word' id='word_1_824' title='bbox 678 5480 711 5533; x_wconf 82' lang='lat' dir='ltr'><strong>sit</strong></span> <span class='ocrx_word' id='word_1_825' title='bbox 726 5475 823 5549; x_wconf 70' lang='lat' dir='ltr'><strong>(sesa.</strong></span> <span class='ocrx_word' id='word_1_826' title='bbox 841 5491 913 5542; x_wconf 81' lang='lat' dir='ltr'><strong>xxtr,</strong></span> <span class='ocrx_word' id='word_1_827' title='bbox 967 5473 1076 5543; x_wconf 79' lang='lat' dir='ltr'><strong>epraraio</strong></span> <span class='ocrx_word' id='word_1_828' title='bbox 1091 5475 1155 5544; x_wconf 80' lang='lat' dir='ltr'><strong>rjus,</strong></span> <span class='ocrx_word' id='word_1_829' title='bbox 1169 5481 1193 5527; x_wconf 85' lang='lat' dir='ltr'><strong>et</strong></span> <span class='ocrx_word' id='word_1_830' title='bbox 1208 5489 1327 5531; x_wconf 80' lang='lat' dir='ltr'><strong>occursus</strong></span> <span class='ocrx_word' id='word_1_831' title='bbox 1339 5474 1396 5543; x_wconf 76' lang='lat' dir='ltr'><strong>ejus</strong></span> <span class='ocrx_word' id='word_1_832' title='bbox 1412 5490 1492 5544; x_wconf 68' lang='lat' dir='ltr'><strong>rapte</strong></span> <span class='ocrx_word' id='word_1_833' title='bbox 1507 5475 1541 5527; x_wconf 68' lang='grc' dir='ltr'><strong><em>Μ</em></strong></span> <span class='ocrx_word' id='word_1_834' title='bbox 1554 5492 1686 5531; x_wconf 61' lang='lat' dir='ltr'><strong>mmmm</strong></span> <span class='ocrx_word' id='word_1_835' title='bbox 1705 5481 1754 5546; x_wconf 64' lang='lat' dir='ltr'><strong>‘jv</strong></span> 
     </span>
     <span class='ocr_line' id='line_1_59' title="bbox 130 5563 1755 5643; baseline -0.004 -14"><span class='ocrx_word' id='word_1_836' title='bbox 130 5572 187 5641; x_wconf 81' lang='lat' dir='ltr'><strong>llll.</strong></span> <span class='ocrx_word' id='word_1_837' title='bbox 215 5573 313 5630; x_wconf 77' lang='lat' dir='ltr'><strong>leniter</strong></span> <span class='ocrx_word' id='word_1_838' title='bbox 337 5588 401 5643; x_wconf 74' lang='lat' dir='ltr'><strong>erpo</strong></span> <span class='ocrx_word' id='word_1_839' title='bbox 426 5572 531 5640; x_wconf 87' lang='lat' dir='ltr'><strong>dilecti,</strong></span> <span class='ocrx_word' id='word_1_840' title='bbox 547 5571 719 5643; x_wconf 67' lang='lat' dir='ltr'><strong>fragilitatem</strong></span> <span class='ocrx_word' id='word_1_841' title='bbox 743 5569 917 5625; x_wconf 84' lang='lat' dir='ltr'><strong>humanitatis</strong></span> <span class='ocrx_word' id='word_1_842' title='bbox 968 5563 1053 5633; x_wconf 80' lang='lat' dir='ltr'><strong>(Prol-</strong></span> <span class='ocrx_word' id='word_1_843' title='bbox 1070 5564 1154 5631; x_wconf 78' lang='lat' dir='ltr'><strong>tritt).</strong></span> <span class='ocrx_word' id='word_1_844' title='bbox 1170 5563 1225 5620; x_wconf 80' lang='lat' dir='ltr'><strong>llpc</strong></span> <span class='ocrx_word' id='word_1_845' title='bbox 1238 5572 1280 5618; x_wconf 90' lang='lat' dir='ltr'><strong>est</strong></span> <span class='ocrx_word' id='word_1_846' title='bbox 1291 5565 1361 5618; x_wconf 86' lang='lat' dir='ltr'><strong>enim</strong></span> <span class='ocrx_word' id='word_1_847' title='bbox 1375 5564 1445 5634; x_wconf 81' lang='lat' dir='ltr'><strong>ottotl</strong></span> <span class='ocrx_word' id='word_1_848' title='bbox 1463 5567 1520 5635; x_wconf 86' lang='lat' dir='ltr'><strong>ipse</strong></span> <span class='ocrx_word' id='word_1_849' title='bbox 1531 5566 1675 5634; x_wconf 84' lang='lat' dir='ltr'><strong>discipulis</strong></span> <span class='ocrx_word' id='word_1_850' title='bbox 1685 5570 1755 5623; x_wconf 87' lang='lat' dir='ltr'><strong>deae</strong></span> 
     </span>
     <span class='ocr_line' id='line_1_60' title="bbox 127 5654 1757 5734; baseline 0.001 -20"><span class='ocrx_word' id='word_1_851' title='bbox 127 5661 198 5734; x_wconf 71' lang='lat' dir='ltr'><strong>pius,</strong></span> <span class='ocrx_word' id='word_1_852' title='bbox 213 5675 265 5731; x_wconf 81' lang='lat' dir='ltr'><strong>qna</strong></span> <span class='ocrx_word' id='word_1_853' title='bbox 278 5663 355 5721; x_wconf 70' lang='lat' dir='ltr'><strong>nobb</strong></span> <span class='ocrx_word' id='word_1_854' title='bbox 368 5663 515 5722; x_wconf 76' lang='lat' dir='ltr'><strong>conluctatio</strong></span> <span class='ocrx_word' id='word_1_855' title='bbox 537 5673 607 5731; x_wconf 88' lang='lat' dir='ltr'><strong>erat,</strong></span> <span class='ocrx_word' id='word_1_856' title='bbox 622 5660 750 5717; x_wconf 83' lang='lat' dir='ltr'><strong>insinuat.</strong></span> <span class='ocrx_word' id='word_1_857' title='bbox 774 5659 848 5716; x_wconf 81' lang='lat' dir='ltr'><strong>Ebur</strong></span> <span class='ocrx_word' id='word_1_858' title='bbox 861 5657 915 5716; x_wconf 83' lang='lat' dir='ltr'><strong>de·</strong></span> <span class='ocrx_word' id='word_1_859' title='bbox 967 5657 1023 5712; x_wconf 87' lang='lat' dir='ltr'><strong>ait:</strong></span> <span class='ocrx_word' id='word_1_860' title='bbox 1037 5655 1068 5711; x_wconf 75' lang='lat' dir='ltr'><strong>dt</strong></span> <span class='ocrx_word' id='word_1_861' title='bbox 1084 5656 1226 5713; x_wconf 79' lang='lat' dir='ltr'><strong>credidistis</strong></span> <span class='ocrx_word' id='word_1_862' title='bbox 1247 5657 1305 5723; x_wconf 72' lang='lat' dir='ltr'><strong>raia</strong></span> <span class='ocrx_word' id='word_1_863' title='bbox 1319 5672 1336 5710; x_wconf 86' lang='lat' dir='ltr'><strong>a</strong></span> <span class='ocrx_word' id='word_1_864' title='bbox 1352 5654 1404 5713; x_wconf 85' lang='lat' dir='ltr'><strong>lieo</strong></span> <span class='ocrx_word' id='word_1_865' title='bbox 1418 5657 1485 5712; x_wconf 83' lang='lat' dir='ltr'><strong>eriri</strong></span> <span class='ocrx_word' id='word_1_866' title='bbox 1493 5673 1505 5723; x_wconf 80' lang='lat'><strong>,·</strong></span> <span class='ocrx_word' id='word_1_867' title='bbox 1520 5658 1589 5715; x_wconf 72' lang='lat' dir='ltr'><strong>exiri</strong></span> <span class='ocrx_word' id='word_1_868' title='bbox 1597 5677 1614 5713; x_wconf 89' lang='lat' dir='ltr'><strong>a</strong></span> <span class='ocrx_word' id='word_1_869' title='bbox 1631 5658 1722 5722; x_wconf 78' lang='lat' dir='ltr'><strong>Putre.</strong></span> <span class='ocrx_word' id='word_1_870' title='bbox 1733 5668 1757 5715; x_wconf 83' lang='grc' dir='ltr'><strong>ιι</strong></span> 
     </span>
    </p>
   </div>
   <div class='ocr_carea' id='block_1_3' title="bbox 0 0 1902 6119">
    <p class='ocr_par' dir='ltr' id='par_1_4' title="bbox 0 0 1902 6119">
     <span class='ocr_line' id='line_1_61' title="bbox 0 0 1902 6119; baseline 0 0"><span class='ocrx_word' id='word_1_871' title='bbox 0 0 1902 6119; x_wconf 95' lang='lat' dir='ltr'><strong> </strong></span> 
     </span>
    </p>
   </div>
  </div>
 </body>
</html>
