3794 6120
155 290 208 351 tta
404 291 506 346 ueniti
527 286 756 344 tturtsttintuts
772 282 912 343 ousnutt
938 284 1036 341 uatus
1049 285 1081 342 11.
1102 314 1137 329 -
1156 286 1355 344 siccantes
1375 283 1537 342 deduius.
1733 276 1789 335 910

156 403 285 461 occiilerlt
297 400 360 458 Cain
386 410 488 472 septem
511 399 657 455 ultionibus
680 399 863 468 suiriicientlus
887 399 921 453 slt
936 438 944 464 ‚
961 400 1054 459 hsuls
1068 397 1172 454 duabus
1187 398 1315 455 Ecclesiis
1330 397 1474 470 signifieat.
1494 395 1546 451 Per
1559 381 1636 451 tahal
1660 396 1788 466 populum

156 494 203 550 sed
225 493 295 566 quoti
317 502 419 561 septem
432 490 593 545 cruciatibus
617 491 690 545 illum
705 489 838 554 absoluit,
857 490 900 559 qui
917 490 943 543 in
996 488 1149 545 tudaonna
1165 489 1329 545 habitantem
1357 492 1383 545 in
1400 487 1532 551 tentoriis,
1555 487 1582 541 iti
1599 492 1651 549 est,
1668 485 1693 539 in
1709 484 1790 557 irujtrs

154 586 220 642 Cain
245 595 317 639 tanto
341 592 460 653 tempore
484 591 695 647 concurrerunt,
712 591 758 636 aut
782 583 808 637 in
832 582 948 649 septitna
996 584 1095 638 saeculi.
1112 583 1251 638 Perlubai
1274 585 1385 652 populus
1407 581 1576 637 Christianus
1598 579 1625 634 in
1649 578 1789 648 gentihus,

154 677 327 746 generatione
336 673 498 730 accidentias
512 674 753 744 sit.1ttiaatqnippe
766 674 852 745 perunit
866 673 943 738 Cain,
996 689 1095 730 canens
1109 675 1221 743 cithara,
1236 675 1261 730 id
1277 684 1327 740 est,
1347 674 1497 729 historiast
1510 687 1622 741 organo,
1638 671 1664 725 id
1676 677 1719 726 est
1728 685 1790 726 scn-

155 768 220 822 (loin
234 769 319 835 gennit
337 765 436 832 Enoch,
449 764 537 820 Ertoch
551 767 637 835 pennit
652 764 765 830 Goldoti,
780 763 881 818 deitati
902 780 941 835 ge·

156 863 210 911 nnit
225 855 355 923 liciole'el,
371 856 489 912 Mololeel
504 859 588 927 petiuit
608 856 792 920 llothnsalem,
809 855 945 909 liotitrtso·

156 951 205 1004 lem
221 950 306 1019 perunit
320 950 440 1016 Lamech,
453 952 497 1021 qul
508 953 637 1018 septimus
647 949 772 1002 abatiam
786 962 839 1001 non
849 956 945 1015 sponte

157 1042 254 1097 occidit
268 1041 345 1097 Cain,
360 1043 488 1098 iuuenem
505 1053 595 1097 autem
609 1044 740 1099 occidisse
758 1056 787 1098 se
801 1042 877 1106 dicit,
891 1056 944 1095 notu

156 1131 217 1202 qnia
230 1133 337 1201 jarrenis
357 1143 446 1203 esset,
461 1134 508 1188 sed
521 1150 601 1204 uagus
618 1143 643 1190 ct
656 1133 788 1189 instabitis
804 1146 871 1188 erat.
885 1134 946 1202 Spi-

160 1227 290 1283 rituaiiter
304 1238 393 1284 autem
408 1228 467 1298 qnis
484 1242 536 1282 non
554 1226 628 1282 vitlet
641 1226 711 1295 qnod
725 1225 812 1280 omnis
827 1226 870 1294 qni
885 1240 947 1293 per-

158 1320 255 1377 diderit
268 1337 351 1391 genus
366 1322 478 1389 impiam
495 1319 641 1373 carnalium
656 1317 823 1381 intimorum,
842 1329 945 1383 septem

159 1413 291 1469 vindictas
311 1412 451 1468 exsolvet?
471 1412 495 1464 itl
511 1421 564 1478 cst,
587 1410 691 1463 atrierct
708 1409 742 1462 ah
765 1407 818 1461 illis
843 1417 946 1475 sequent

158 1503 304 1569 vindictas,
317 1503 413 1572 quihus
427 1501 526 1573 alligati
541 1509 603 1554 surrt
619 1509 728 1569 propter
743 1507 846 1553 reatum
865 1499 946 1553 occisi

156 1596 254 1650 Christi
269 1597 295 1649 in
310 1594 360 1650 hoc
376 1603 496 1663 tempore
515 1592 585 1661 quod
606 1592 757 1658 septenario
772 1590 874 1645 diertrm
896 1606 948 1643 tru-

156 1703 232 1744 aneco
247 1689 370 1743 volvitur.
387 1686 478 1742 Posuit
495 1685 562 1742 Dens
583 1685 645 1741 Coia
665 1687 692 1739 in
714 1687 832 1755 siqrroat,
849 1695 876 1737 nt
896 1700 946 1738 nou

997 779 1038 821 su.
1052 765 1198 822 Tuhalcain
1210 769 1311 835 primus
1325 767 1399 823 laher
1412 765 1492 830 ferri,
1509 776 1537 821 et
1551 765 1672 820 aerarius.
1686 762 1790 819 Unurn·

997 870 1128 925 quemque
1149 865 1269 912 sanetum
1287 858 1418 927 sigrtiiicat
1441 859 1480 912 soi
1502 857 1625 925 corporis
1638 864 1667 911 ct
1688 855 1789 910 suinae

997 949 1145 1005 custodem.

1035 1041 1154 1111 Dicitque
1168 1039 1279 1094 Loutech
1293 1041 1416 1094 uxoribus
1431 1044 1500 1103 sair,
1518 1039 1675 1108 etreliqua,
1691 1053 1787 1108 usquc,

998 1129 1037 1186 De
1052 1130 1160 1185 Lamech
1176 1147 1235 1185 acro
1253 1133 1400 1202 septnapies
1418 1132 1521 1198 septies.
1535 1130 1688 1183 &airardum
1704 1129 1790 1184 histo·

998 1225 1064 1280 riam
1084 1226 1183 1279 dictum
1202 1223 1329 1294 estquod
1346 1225 1379 1276 ah
1397 1224 1478 1276 hdam
1501 1237 1585 1290 usquc
1601 1222 1633 1274 al
1649 1222 1787 1275 Christum

998 1315 1163 1383 septuaginta
1175 1325 1201 1369 ct
1214 1323 1318 1383 septem
1327 1314 1514 1382 generationes
1525 1325 1597 1377 snat,
1608 1312 1706 1381 quihus
1719 1327 1783 1380 pec-

998 1411 1086 1458 catum
1102 1404 1227 1469 Lamech,
1241 1405 1318 1459 idest
1331 1407 1412 1459 totins
1426 1405 1528 1470 mnndi,
1537 1407 1674 1474 sanguinis
1686 1405 1787 1460 Christi

998 1495 1127 1549 effusione
1149 1496 1265 1549 solntnnt
1287 1506 1337 1551 est.
1358 1497 1452 1551 [lictant
1475 1498 1601 1565 qnidam,
1619 1502 1787 1565 nonnaginta

998 1589 1095 1641 anianae
1109 1595 1223 1653 receptae
1238 1598 1299 1640 sunt
1315 1587 1340 1640 in
1361 1587 1461 1641 tlilnrio
1484 1586 1516 1642 tle
1537 1604 1635 1657 guttere
1652 1588 1786 1656 latrroch,

1000 1690 1027 1735 ct
1041 1682 1066 1735 in
1081 1683 1131 1735 hoc
1146 1698 1257 1737 truanero
1272 1685 1306 1736 tic
1321 1683 1435 1738 Lamech
1456 1685 1550 1738 tactam
1566 1685 1721 1739 vindictam.
1744 1686 1789 1741 Si·

156 1779 307 1848 interficeret
320 1780 394 1833 illum
411 1781 492 1833 omitia
509 1781 551 1849 qni
566 1779 709 1833 irtueaisset.
725 1777 797 1832 Gens
816 1777 887 1830 enim
900 1776 949 1831 iu·
999 1773 1106 1843 quidem
1121 1784 1148 1828 et
1162 1774 1188 1829 in
1202 1776 1298 1844 populo
1318 1775 1489 1842 itrdaeornm,
1503 1790 1614 1845 propter
1628 1778 1790 1833 interiectio·

157 1869 213 1924 daea
222 1869 278 1924 sive
290 1871 399 1941 paganis
410 1870 527 1938 regihtrs,
542 1869 598 1924 siro
609 1867 778 1935 Christianis,
790 1883 841 1923 aton
858 1868 948 1923 arnisit

156 1959 260 2028 signum
276 1958 354 2028 Legis
374 1968 400 2013 ιι
422 1959 650 2026 eircorncisionis;
665 1969 692 2016 ct
714 1959 801 2014 ornatis
820 1959 864 2029 qui
886 1960 947 2015 illos

158 2062 218 2102 rum
240 2047 297 2117 ipso
310 2050 387 2117 signo
403 2048 502 2104 inuenit
518 2065 571 2104 non
587 2050 693 2105 occidit.
708 2048 792 2104 Exit-it
804 2067 863 2121 erqo
877 2067 893 2104 o
908 2052 922 2116 s
935 2080 948 2093 ·

155 2138 194 2193 cic
207 2136 274 2203 Dei,
289 2147 313 2192 ιι
327 2137 448 2193 holitocit
470 2140 496 2193 in
511 2150 579 2194 terro
601 2139 682 2194 Noti.
697 2138 763 2194 haiti
784 2142 809 2196 in
834 2140 947 2197 llehraeo

64 2274 69 2285 .
156 2227 213 2285 Noti
228 2227 333 2294 dit-itur,
348 2229 417 2298 qood
428 2230 620 2301 interpretatur
631 2233 786 2299 commotio,
804 2232 847 2286 rei
862 2233 948 2288 insta-

156 2319 235 2388 bilis;
250 2327 338 2374 etnon
353 2331 405 2376 tam
419 2336 515 2378 nomen
529 2323 591 2388 loci,
603 2339 682 2393 quam
699 2323 859 2379 instabilitas
870 2325 948 2392 Cain,

157 2411 214 2465 sire
228 2409 379 2464 iudaeorum
390 2409 555 2481 designatur.
572 2413 699 2467 liabitaut
710 2414 781 2469 enirn
799 2415 901 2484 prologi
920 2414 946 2470 iu

157 2503 337 2560 commotione
351 2513 378 2561 ct
399 2506 425 2560 in
446 2506 646 2575 perturbatione
665 2510 767 2564 carnali
789 2519 882 2565 contra
904 2510 948 2580 ju-

157 2592 319 2650 cunditatem
336 2595 394 2662 lloi,
410 2595 461 2652 hoc
472 2606 513 2652 est
528 2607 619 2653 contra
635 2599 720 2655 Eden.

144 2684 146 2691 '
194 2684 317 2757 Copnouit
329 2694 414 2741 cotem
430 2689 494 2742 Ceio
515 2706 620 2744 oaorem
635 2707 726 2757 suom,
742 2700 767 2745 et
781 2692 909 2763 concepit,
923 2701 948 2748 et

158 2777 255 2847 peperit
270 2776 370 2841 Enoch,
382 2788 405 2832 ιι
422 2778 558 2847 odidcooit
571 2781 706 2836 ciuitatem.
724 2781 868 2852 lmpinrum
882 2799 948 2853 pra·

159 2870 250 2936 genios
266 2869 292 2924 in
308 2869 364 2939 ipsa
384 2870 475 2925 mnndi
497 2871 601 2942 origine
624 2872 761 2928 civitatem
780 2875 946 2942 construxit,

158 2961 220 3032 quia
230 2977 324 3018 omnes
335 2964 406 3032 impii
421 2964 446 3019 in
459 2964 574 3021 haesita
591 2963 781 3033 laudaticum,
795 2966 949 3023 trhihahent

999 1880 1059 1920 netu
1071 1864 1170 1919 Christi
1186 1868 1355 1935 septuaginta
1369 1866 1494 1921 rirrdictaa
1508 1877 1571 1920 strat
1584 1876 1700 1932 statuta,
1712 1869 1789 1935 insta

999 1955 1082 2022 illutl,
1098 1954 1157 2010 Non
1172 1957 1255 2010 solnm
1277 1957 1384 2022 septies,
1405 1958 1451 2011 teti
1475 1958 1616 2026 septuoqies
1637 1959 1747 2028 septies,
1767 1959 1791 2012 ai

999 2048 1153 2118 penituerit,
1164 2048 1238 2116 [ratri
1246 2048 1425 2102 rentittentlrou
1438 2048 1472 2101 ttd
1482 2048 1671 2117 indalqentiorn
1682 2047 1788 2102 Christi.

999 2137 1051 2192 stit
1065 2135 1130 2192 Cain
1145 2138 1356 2206 septempliciter
1371 2153 1497 2207 peccasse
1512 2140 1623 2206 dicunt,
1639 2148 1667 2194 et
1679 2140 1715 2194 oh
1736 2141 1788 2195 hoc

999 2230 1208 2299 septempliciter
1223 2228 1386 2300 puniendum
1414 2244 1463 2300 pro
1484 2231 1619 2300 peccatis,
1639 2245 1698 2299 qua
1721 2245 1790 2285 enu-

1000 2322 1161 2378 meravimus
1182 2331 1273 2377 antea.
1296 2322 1398 2378 idcirco
1420 2332 1509 2377 antem
1532 2338 1585 2377 tion
1605 2331 1669 2377 sunt
1682 2322 1788 2378 similes

1000 2413 1123 2469 vindictae
1142 2414 1169 2468 ia
1184 2414 1267 2468 hdarn
1288 2422 1317 2469 et
1338 2414 1364 2467 in
1380 2413 1444 2469 Cain
1468 2414 1652 2484 Lamechque,
1668 2413 1728 2484 quia
1742 2415 1793 2484 qui

999 2508 1131 2578 posterius
1146 2514 1323 2573 peccaverunt
1337 2506 1466 2575 majorem
1483 2507 1529 2560 liei
1546 2505 1668 2560 notitiam
1683 2506 1791 2560 helane-

999 2609 1080 2664 runt,
1094 2601 1173 2655 etiam
1189 2614 1242 2669 per
1258 2589 1444 2669 praecedentes
1457 2599 1608 2664 vindictas,
1625 2615 1691 2669 qaas
1716 2599 1789 2668 prins

999 2691 1128 2746 accidisse
1148 2690 1280 2744 scierunt.
1296 2689 1340 2745 Sic
1358 2690 1430 2744 eninr
1450 2704 1521 2744 stunc
1542 2689 1567 2743 ln
1584 2689 1669 2744 trihus
1683 2689 1795 2759 legihns·

1000 2782 1115 2837 vindicta
1135 2782 1304 2837 observatur.
1320 2781 1422 2837 Dicitur
1439 2796 1546 2852 quoque
1569 2783 1638 2851 qnod
1655 2781 1789 2848 Latarcch,

1000 2873 1115 2930 vindicta
1130 2875 1210 2929 etlam
1224 2872 1348 2928 adulterii
1361 2887 1442 2928 causa
1453 2874 1543 2927 addita
1558 2874 1603 2928 sit.
1616 2872 1730 2940 Quando
1741 2888 1789 2928 au·

1001 2973 1054 3021 tmn
1070 2964 1185 3019 Laureeh
1197 2964 1335 3020 Christum
1347 2964 1495 3032 signiilcat,
1507 2965 1605 3020 occisio
1615 2967 1680 3020 Cain
1694 2966 1788 3020 diaho-

159 3054 316 3125 thesauros;
341 3059 426 3113 sancti
446 3073 509 3113 sero
529 3057 648 3127 hospites
673 3070 735 3115 sunt
755 3070 782 3115 et
802 3062 946 3132 peregrini.
959 3086 987 3157 c
1002 3055 1055 3111 lutn
1067 3058 1186 3112 occisum
1200 3055 1376 3111 demonstrat.
1391 3056 1494 3124 Quoda
1510 3055 1617 3113 Christo
1631 3059 1686 3112 suis
1697 3058 1790 3114 rasori·

160 3146 348 3205 llntleetllhel
367 3159 490 3220 tanquam
512 3150 668 3221 peregrinus
683 3150 797 3221 populus
818 3151 947 3207 Chrinia·
999 3147 1060 3214 hus,
1076 3147 1102 3203 itl
1118 3158 1159 3204 est
1183 3148 1311 3204 Ecclesiis
1334 3150 1480 3216 nuntiator,
1504 3151 1601 3220 quihus
1626 3151 1742 3220 imperat
1764 3161 1794 3207 ut

160 3253 220 3304 nus,
245 3239 270 3291 in
293 3249 362 3294 terra
387 3256 440 3294 noo
463 3240 583 3296 cortditlit
602 3241 757 3308 civitatem;
772 3258 887 3312 superna
907 3250 949 3298 est
998 3254 1076 3294 suum
1091 3254 1244 3295 sermonem
1257 3241 1644 3310 auscultent.Qoodqnedicit,
1656 3242 1793 3298 ittaolnss

159 3329 231 3383 cuim
246 3328 341 3382 civitas
352 3329 495 3398 justorum.
514 3328 566 3385 iste
588 3332 659 3386 enim
679 3331 868 3403 interpretatur
888 3348 949 3402 pos·
998 3348 1091 3397 menna,
1105 3333 1236 3402 signiheat
1247 3333 1383 3387 diabolum
1397 3339 1504 3402 propter
1515 3333 1652 3388 lasciviam
1665 3335 1691 3388 io
1703 3346 1793 3391 morte

160 3417 244 3472 sessio
268 3418 308 3471 rel
332 3418 479 3484 dedicatio,
496 3419 521 3474 in
545 3421 622 3489 cuius
647 3423 754 3477 nontine
777 3422 884 3478 condita
907 3432 949 3478 est
998 3420 1097 3478 Christi
1112 3425 1238 3479 occisum.
1255 3423 1288 3477 Et
1303 3423 1530 3490 adolescentulum,
1545 3423 1624 3478 idest
1640 3425 1791 3493 diaholum,

161 3507 272 3573 ciuitas,
287 3510 311 3564 id
332 3521 373 3565 cst
386 3511 537 3566 ierttsalem
562 3515 715 3578 terrestris,
733 3514 777 3569 uhi
803 3513 869 3569 nihii
890 3515 948 3584 plns
1000 3524 1108 3584 propter
1121 3514 1258 3568 lasciuiam
1273 3524 1300 3570 et
1314 3515 1500 3569 aetertritatem.
1519 3514 1548 3569 ln
1570 3514 1655 3570 liuore
1666 3531 1748 3583 meo,
1765 3519 1794 3573 itl

161 3614 241 3670 quarn
256 3601 325 3670 quod
341 3602 459 3657 cernitur
472 3612 606 3672 speratur.
623 3604 655 3658 Et
669 3605 815 3660 notandum
832 3607 901 3676 qnod
922 3607 948 3660 in
1000 3613 1052 3669 cst,
1077 3618 1131 3658 nou
1159 3605 1217 3658 siue
1242 3603 1346 3660 dolore.
1371 3604 1454 3658 Aliter
1471 3603 1571 3659 occisio
1592 3604 1674 3666 Cain.
1696 3621 1796 3662 sensus

163 3694 288 3763 progenie
310 3693 374 3749 Seth
396 3695 466 3751 nulla
492 3697 628 3766 progenita
651 3697 748 3753 lomina
774 3710 950 3769 memoratur,
1001 3695 1063 3751 honi
1079 3696 1253 3762 occisionem,
1276 3697 1316 3752 rel
1339 3696 1429 3766 populi
1453 3693 1598 3751 Christiani
1614 3696 1794 3766 demonstrat,

162 3781 245 3836 sedin
259 3788 384 3854 progenie
392 3785 467 3840 Cain.
478 3784 606 3842 Carnalos
621 3789 692 3843 enim
704 3792 859 3845 annaliorum
870 3801 952 3861 atquo
1001 3787 1165 3857 quandoper
1178 3788 1294 3843 Lamech
1311 3788 1453 3844 hereticus
1469 3788 1681 3843 demonstratur.

163 3875 322 3932 leoninarum
336 3879 524 3949 conjunctione
539 3882 709 3949 proueniunt.
729 3882 780 3938 stit
797 3884 906 3950 dicunt,
925 3886 951 3940 in
1038 3881 1159 3950 Cognocit
1173 3896 1271 3952 qnoque
1285 3883 1372 3935 adiano
1384 3881 1467 3935 Adoro
1481 3897 1586 3936 oaorem
1605 3898 1693 3944 suom,
1711 3894 1734 3936 ιι
1747 3899 1794 3953 ρι-

163 3979 196 4020 ιο
210 3967 280 4036 quotl
293 3968 369 4036 uicit,
383 3968 504 4041 Coqaouit
520 3974 584 4027 Cain
598 3989 702 4027 acorem
714 3991 805 4042 suom,
818 3975 953 4048 significat
1003 3973 1066 4041 perit
1088 3972 1188 4038 filiam,
1209 3981 1234 4026 ιι
1255 3973 1352 4026 uocauit
1375 3988 1467 4026 atomon
1491 3972 1563 4027 illins
1583 3971 1658 4030 Setis.
1676 3974 1717 4028 Ec
1731 3974 1796 4030 sot

163 4056 234 4126 qnod
250 4058 363 4114 riodieta
377 4060 526 4125 desineret,
541 4064 563 4118 si
580 4062 644 4118 Cain
661 4079 773 4120 uxorem
796 4082 849 4122 non
870 4083 950 4122 accc·
1003 4073 1078 4119 notos
1091 4072 1127 4117 ιιι
1140 4063 1218 4132 iiiios,
1235 4080 1308 4131 qoem
1323 4065 1419 4118 oocooit
1435 4061 1514 4118 Eoos.
1526 4065 1591 4120 Seth
1603 4066 1796 4134 interpretatur

163 4148 254 4218 pisset.
275 4149 428 4221 Vocooitqoe
448 4171 538 4210 nornen
559 4157 647 4225 iiiios,
669 4174 753 4229 usque
781 4158 880 4217 Enoch.
904 4163 953 4221 llic
1003 4155 1230 4225 resurrectio,qui
1245 4165 1285 4210 est
1299 4154 1434 4210 Christus.
1456 4157 1527 4211 Etrus
1546 4166 1636 4213 auteur
1658 4158 1795 4224 iuterpre-

166 4240 251 4308 primo
266 4241 291 4297 in
306 4242 451 4312 Scriptoris
472 4247 565 4302 civitas
584 4264 617 4304 ex
633 4252 742 4306 notarine
764 4252 880 4309 hominis
900 4270 952 4310 vo·
1005 4246 1176 4313 tatnrhomo,
1190 4250 1237 4318 till
1252 4250 1332 4317 ffllhll
1346 4249 1472 4303 lssi⁰⁰³l⁰
1484 4265 1580 4304 ⁰⁰¹¹¹0¹¹
1594 4248 1792 4318 9011111101ῑᾶ

165 4342 234 4400 rata,
251 4345 278 4390 et
293 4352 340 4404 per
354 4340 403 4394 hoc
416 4339 496 4395 etiam
517 4341 651 4411 designari
678 4344 827 4402 idolotatria
852 4358 950 4416 potest,
1005 4338 1057 4394 hoc
1070 4340 1237 4410 intelligitur,
1253 4341 1304 4394 nisi
1319 4339 1382 4409 qnia
1396 4339 1424 4393 ia
1439 4341 1610 4395 contessione
1623 4342 1691 4396 sirit
1705 4344 1797 4398 oannis

165 4423 216 4479 Per
231 4426 294 4481 Cain
310 4431 396 4484 nialus
412 4447 525 4500 sensns,
541 4435 582 4488 rel
599 4434 756 4503 intelligitur
770 4439 952 4511 unusquisque
967 4444 995 4507 Β
1008 4431 1098 4496 ¹¹⁰¹¹l⁰t
1113 4432 1158 4500 qui
1174 4441 1214 4484 eil
1229 4430 1299 4485 filliis
1312 4431 1527 4493 resurrectionis,
1543 4430 1661 4500 diffindit!
1678 4435 1798 4501 ιιθιθιιιί·

165 4524 299 4583 porcator.
314 4517 363 4582 Qui
378 4523 515 4588 cogttoseit
530 4539 640 4578 uxorem
653 4541 739 4593 suam,
754 4527 778 4581 id
793 4535 834 4583 esi
845 4545 954 4587 carnem
1006 4534 1084 4580 natur
1106 4527 1131 4579 io
1153 4525 1248 4580 terris?
1268 4526 1326 4580 sive
1353 4525 1424 4579 Enos
1448 4524 1531 4593 ctepit
1556 4525 1683 4580 irrumare
1697 4540 1797 4579 raomen

165 4599 299 4654 subditam
320 4607 452 4671 peccatis,
467 4623 527 4674 quae
547 4613 670 4680 concepit
690 4614 716 4668 in
730 4615 909 4683 cogitatione,
929 4627 957 4673 et
1006 4617 1128 4683 llumiui,
1142 4626 1170 4671 ut
1184 4615 1288 4671 llsbraei
1304 4616 1479 4679 arhitrautur,
1500 4615 1569 4685 quud
1593 4626 1655 4670 itanc
1680 4617 1801 4684 primunr

167 4695 271 4762 peperit
285 4696 310 4750 ln
325 4699 395 4752 titulo
409 4714 490 4769 opere
507 4715 656 4770 peceatum.
671 4706 800 4776 Quodque
822 4712 954 4780 sequitur,
1006 4711 1105 4766 itloium
1120 4709 1274 4764 iahricaturn
1285 4719 1328 4764 est
1343 4711 1368 4762 io
1382 4708 1584 4763 sirnilitudiaenr
1607 4710 1725 4762 nominis
1741 4707 1797 4762 lio·

166 4785 312 4851 trdipcttut't,
327 4790 457 4855 significat
472 4794 570 4846 maiam
593 4809 701 4852 seorsum
721 4799 763 4854 rel
787 4812 954 4868 peccatorem
1007 4804 1082 4859 mirri.
1097 4803 1188 4858 Enoch
1202 4803 1331 4873 septimus
1343 4802 1377 4856 ah
1392 4801 1489 4866 tt-dam,
1507 4801 1553 4871 qui
1573 4801 1721 4855 translatus
1735 4807 1796 4866 est,

166 4887 303 4945 peccatum
318 4879 407 4932 statim
423 4896 476 4935 non
492 4882 659 4956 relinquere,
676 4891 722 4943 sed
739 4904 850 4958 augere.
871 4892 956 4963 liujus
1006 4903 1034 4952 et
1043 4895 1140 4961 placuit
1154 4895 1220 4961 heo,
1230 4895 1372 4964 septimam
1383 4895 1502 4964 requiem
1514 4893 1657 4963 signiticat,
1668 4893 1702 4948 ad
1715 4908 1797 4964 quam

166 4977 255 5021 atatem
269 4969 423 5041 genealogia
438 4986 674 5044 eotrttnemoratur,
688 4990 716 5034 ot
731 4982 830 5037 sterias
845 5000 957 5055 genera·
1008 4987 1168 5042 transfertur
1180 4986 1267 5041 omnis
1282 4985 1373 5049 homo,
1390 4986 1436 5053 qui
1451 4994 1531 5040 serto
1545 4984 1596 5050 die,
1621 4984 1648 5039 id
1663 4994 1709 5041 est
1722 4995 1799 5040 sexta

166 5056 246 5111 tiottis
261 5057 325 5112 Cain
340 5069 367 5113 et
379 5061 496 5117 Laomh
510 5066 688 5124 nuntiaretur.
704 5071 768 5126 Cain
780 5084 871 5130 autem
888 5093 957 5146 pre·
1007 5086 1085 5133 aetate
1098 5077 1198 5142 sectili,
1216 5091 1262 5142 per
1284 5073 1382 5130 Christi
1405 5076 1548 5131 adrentum
1563 5074 1705 5131 iormatnr.
1717 5075 1796 5145 Quos

167 5144 261 5215 llgnrat
278 5153 402 5219 populum
419 5153 618 5225 hereticorum,
635 5160 705 5215 alios
719 5161 862 5221 haereticus
875 5183 956 5237 getae·
1007 5178 1096 5223 autem
1110 5182 1156 5238 per
1169 5167 1233 5223 Seth
1245 5167 1278 5222 ah
1289 5167 1375 5222 haiam
1387 5181 1472 5236 usqne
1483 5168 1517 5220 ati
1539 5166 1595 5222 noe
1607 5166 1736 5224 denarius
1749 5183 1803 5224 uu·

165 5239 402 5297 rsnterrt.Lanteclr
418 5255 507 5300 autem
521 5245 622 5315 primus
638 5250 706 5305 duas
719 5268 816 5309 uxores
832 5260 955 5327 accepit,
1008 5275 1097 5315 ruerus
1121 5260 1280 5324 insinuattn,
1300 5258 1526 5326 complementum
1553 5257 1742 5314 mandatorum
1769 5260 1796 5317 is

166 5331 239 5431 acsi
253 5333 365 5403 diceret,
383 5335 487 5392 Primus
504 5338 667 5396 adulterium
688 5347 862 5413 perpetravit.
878 5349 956 5406 iuirai
1009 5353 1126 5408 Ecclesia
1149 5351 1275 5422 operibus
1300 5353 1452 5423 liguratum.
1468 5351 1545 5420 Qtrotl
1569 5365 1636 5408 vcro
1655 5353 1800 5424 progcrrlss

166 5430 269 5520 Ριιιιιιιι
282 5423 416 5481 edthcans
427 5428 532 5494 domus,
547 5440 574 5483 ut
584 5434 639 5500 alii,
653 5434 694 5489 rel
708 5438 809 5503 primus
821 5454 854 5494 ert
865 5451 956 5498 custo·
1008 5460 1039 5501 ea
1057 5445 1140 5500 Adam
1155 5460 1202 5514 per
1214 5444 1279 5499 Cain
1291 5445 1436 5500 undenario
1451 5458 1563 5499 ιιιιιιιιι
1586 5444 1690 5514 linitur,
1706 5455 1798 5501 trans·

165 5507 299 5570 ⁶¹⁰⁰¹lb⁰⁸
315 5535 420 5585 hewse·
441 5522 517 5580 Julrul
539 5529 642 5596 primns
666 5530 805 5587 citharista
829 5534 888 5590 init.
907 5535 957 5594 l’er
1007 5539 1109 5608 gressio
1124 5538 1307 5592 mandatorum
1321 5547 1370 5603 est,
1386 5537 1443 5592 sire
1456 5547 1608 5607 peccatum.
1623 5536 1653 5594 Si
1667 5537 1739 5593 enim
1751 5536 1797 5592 ad-

167 5603 282 5705 tamech
292 5616 379 5663 autem
389 5614 512 5683 populum
521 5616 709 5677 laareticoram
719 5638 779 5679 cunr
791 5623 895 5682 duabus
903 5627 955 5683 ilc·
1008 5627 1104 5683 dautur
1114 5627 1242 5696 Lamech,
1252 5630 1298 5700 qui
1314 5638 1356 5683 est
1370 5628 1500 5696 septimus
1513 5627 1548 5683 ab
1562 5627 1663 5693 stiam,
1678 5638 1735 5684 tres
1750 5627 1798 5684 diii

165 5690 253 5749 ⁰¹⁸⁵¹¹⁸
268 5694 414 5770 hereseos,
425 5708 467 5762 iel
482 5710 507 5764 ln
520 5710 616 5768 honam
629 5727 730 5784 prurient
742 5715 881 5776 Christum
893 5730 953 5778 cunt
1008 5728 1035 5775 et
1049 5735 1099 5775 noa
1115 5721 1177 5788 iiiia,
1193 5720 1378 5792 cotnplectitur
1391 5719 1555 5777 undenarios
1566 5734 1706 5779 nummus
1720 5720 1797 5778 L'tstls
