3794 6120
103 296 156 354 rm
731 282 967 345 trexnnueuou
986 285 1051 342 cro.
1073 286 1104 343 ιι.
1680 290 1734 352 ιιι

101 423 155 466 terr.
168 406 305 477 promatis
320 405 425 461 meritis
441 404 467 460 in
480 402 581 474 iudicio
594 416 655 459 curn
669 403 773 459 eisdem
789 416 885 469 corpo·
902 399 1029 471 ntem.
1042 417 1093 456 ιιι
1120 401 1177 473 li).
1206 402 1300 473 Nouos
1325 417 1390 460 nero
1413 403 1608 476 rigninmtiom
1635 408 1735 471 luracrt

98 501 176 556 rinus
198 506 397 568 rorrsepnantur
409 505 548 552 eternam.
567 495 637 563 apte
659 500 747 549 autem
762 493 893 548 additur:
945 491 1071 547 salutaris
1082 493 1164 560 dpbet
1175 497 1339 551 contrarium
1355 496 1440 553 rideri
1464 498 1534 566 quod
1549 498 1584 555 de
1599 502 1676 569 aquis
1691 503 1735 556 di·

135 592 289 662 Quieanas
304 588 425 657 effsdsrit
437 591 587 660 sanquinem
598 587 752 651 numanum,
772 586 895 657 fundetur
946 579 1010 635 lnrii
1035 597 1115 650 supra
1147 582 1244 639 dicitur
1261 601 1266 637 :
1284 583 1454 657 Nequaquam
1485 589 1556 642 uitro
1585 591 1736 648 nectentem

98 684 204 754 sunprris
224 683 306 736 illitu.
333 679 431 746 Quanti
445 678 597 734 elludernut
619 677 776 748 sanguinein
800 676 895 731 buma-
945 682 1020 728 terroe
1032 687 1135 743 propter
1146 675 1276 741 nomines;
1291 676 1332 732 rel
1345 679 1416 748 quod
1442 678 1484 734 nic
1507 680 1606 736 dicitur
1621 698 1628 736 ε
1645 682 1737 754 niem

100 777 177 837 num,
194 781 220 828 et
235 770 346 840 sarrgnis
366 785 459 824 eornrn
479 768 580 824 eliusus
602 780 721 825 nonest.
741 770 771 824 lit
787 769 831 822 alii
850 783 895 824 oe·
945 768 992 822 erit
1003 768 1125 822 dilucium
1155 769 1274 841 deinceps
1289 771 1419 840 dissipem
1445 783 1551 840 terrem,
1574 788 1636 830 com
1666 791 1735 847 amis

98 865 225 920 ciderunt
239 862 376 917 nominem
398 874 514 929 veneno,
531 861 572 914 rel
588 859 746 928 suspendio,
762 868 894 915 ettamen
945 856 1070 924 baptismi
1093 873 1262 930 nequisquam
1289 863 1505 920 maledictionem
1521 866 1562 922 uel
1578 867 1732 938 dissipatio·

99 970 163 1010 eum
192 954 274 1007 bonno
295 962 416 1006 mortuus
434 951 480 1014 sit,
504 959 618 1005 nonest
640 949 750 1018 sanguis
772 949 893 1016 eliusus;
945 963 1005 1003 nem
1021 959 1122 1004 nostrae
1134 951 1427 1018 metirisrivecarnis,
1447 954 1496 1009 sed
1519 955 1731 1017 benedictionem

99 1044 238 1115 quomodo
264 1058 330 1113 erpo
363 1040 489 1096 {lominus
509 1040 645 1096 eliusurus
671 1048 715 1095 est
738 1038 894 1110 sanguinem
946 1041 1035 1107 potius
1049 1041 1243 1109 etsospitatem
1253 1042 1338 1097 soleat
1353 1043 1494 1111 conlcrre;
1514 1048 1561 1101 sed
1585 1048 1735 1122 intelligen-

98 1150 195 1192 eorum
208 1134 237 1189 in
253 1135 300 1188 tali
320 1134 519 1198 nomine,cum
535 1132 582 1187 ille
596 1131 642 1201 qui
661 1130 761 1187 occidit
783 1129 893 1200 sangui·
944 1129 1008 1185 dom
1032 1129 1093 1202 qnia
1118 1133 1214 1201 prisce
1245 1143 1343 1189 nostrae
1374 1138 1573 1193 conversationi
1603 1139 1735 1199 nominos

99 1238 165 1283 uem
189 1241 241 1282 nou
257 1225 363 1288 effudit,
379 1225 429 1280 nisi
443 1225 506 1293 quia
519 1225 628 1293 sanguis
640 1222 765 1289 bominis,
784 1234 811 1277 ut
824 1221 894 1276 diri·
944 1222 1143 1292 quodammodo
1158 1225 1300 1281 maledicat
1317 1226 1343 1280 ln
1359 1227 1501 1295 baptismo,
1521 1239 1549 1284 et
1563 1237 1575 1266 1
1592 1233 1660 1288 nanc
1681 1235 1737 1290 dis·

105 1332 182 1381 mus,
194 1316 280 1386 ipsum
298 1315 379 1370 uitale
396 1318 454 1384 ejus
464 1330 518 1383 uuo
532 1313 653 1369 sensistis
671 1312 752 1369 donet
762 1311 894 1381 intelligit
944 1314 1013 1380 sipet
1027 1328 1087 1370 cum
1103 1316 1295 1372 abrenuntiare
1312 1331 1362 1372 nos
1375 1317 1482 1374 diabolo
1496 1331 1522 1374 et
1534 1321 1657 1376 omnibus
1671 1339 1738 1393 ope·

99 1407 172 1478 quod
194 1406 243 1472 uni
256 1403 391 1471 effuderit,
406 1403 432 1457 id
448 1412 499 1467 est,
514 1403 559 1472 qrti
574 1401 664 1471 aliquo
676 1416 775 1472 periere
799 1402 893 1456 mortis
945 1403 1019 1459 ribus
1042 1405 1100 1474 ejus
1123 1419 1154 1461 ac
1169 1404 1183 1444 ‘¹
1196 1407 1301 1476 pompis
1326 1408 1480 1478 precipiam
1507 1422 1539 1463 ac
1562 1411 1602 1465 sic
1627 1411 1735 1470 derorum

101 1499 242 1555 bonrinem
263 1493 403 1561 occiderit,
429 1494 556 1548 iurrdetnr
580 1493 690 1562 sangnis
717 1491 801 1558 illins,
828 1491 892 1561 quia
947 1503 1040 1547 ‘nora
1052 1493 1224 1551 concessione
1236 1495 1354 1550 mundati
1365 1495 1399 1551 ad
1414 1496 1611 1554 benedictionis
1625 1509 1736 1559 eternas

100 1585 240 1658 peccando
258 1586 342 1640 ritant
371 1583 457 1652 perdit
477 1592 616 1637 arternum.
636 1582 733 1635 Anirrro
750 1581 820 1635 enim
833 1595 892 1649 que
944 1585 1056 1652 gratiam
1073 1598 1224 1639 mercemur
1236 1585 1378 1655 accingere.

98 1679 258 1749 perpererit,
279 1677 335 1748 ipss
348 1677 471 1729 morietur
486 1673 594 1745 (nme.
609 1688 685 1739 xrru,
706 1672 768 1745 20).
783 1675 831 1728 Cui
855 1687 892 1728 st·
981 1675 1076 1728 Arcum
1099 1689 1184 1729 metun
1207 1690 1302 1743 ponem
1322 1676 1489 1743 innubilus,
1515 1679 1608 1734 eterit
1634 1681 1737 1750 sepiem

98 1772 166 1826 rriile
192 1777 236 1823 est
251 1768 304 1822 noo
325 1767 396 1836 qrrrrd
421 1765 500 1821 Petro
514 1764 632 1821 dicitur:
651 1763 745 1819 niem
768 1764 836 1817 enim
848 1764 892 1833 ptri
908 1744 1046 1835 Bfoeden's
1069 1765 1136 1818 inter
1155 1781 1196 1819 me
1215 1773 1239 1819 et
1251 1767 1318 1819 inter
1330 1775 1438 1832 terrom;
1456 1765 1466 1807 t
1487 1784 1593 1840 canique
1606 1771 1737 1825 obduxero

99 1860 245 1929 &reperiret
265 1856 382 1930 gladium
397 1856 485 1929 plodio
499 1855 617 1926 peribunt
626 1870 637 1921 ,·
664 1868 696 1910 ec
710 1854 733 1908 si
748 1863 840 1923 aperte
852 1853 894 1909 tli-
942 1855 1050 1910 nubibus
1072 1854 1164 1909 eoelttm
1177 1854 1311 1924 apparebit
1332 1871 1407 1910 ureris
1431 1872 1519 1922 meus,
1545 1867 1570 1910 et
1585 1859 1737 1914 recordabor

100 1962 208 2007 teretur
225 1968 232 2005 a
248 1946 409 2016 omnesqui
427 1943 525 2016 irrjnste
547 1945 672 1999 occidunt
687 1945 836 2009 nominent,
864 1950 893 1999 et
941 1945 1044 2016 [odoia
1054 1946 1103 1998 mei
1116 1944 1257 2010 nobiscum,
1273 1952 1297 2001 rt
1310 1961 1368 2000 cum
1381 1947 1450 2000 omni
1468 1948 1555 2002 anime
1573 1950 1668 2004 oioeme
1680 1965 1737 2021 pua

100 2043 181 2098 iidem
195 2039 332 2096 occisione
347 2038 397 2109 ipsi
415 2037 441 2093 in
462 2035 551 2092 arrima
572 2045 696 2105 pereunt.
712 2037 783 2104 Apte
798 2046 888 2091 autern
942 2045 1046 2091 treme
1058 2045 1165 2106 repetat,
1179 2045 1203 2091 rt
1216 2051 1267 2091 non
1280 2047 1355 2092 erurrt
1369 2038 1438 2092 nitro
1452 2056 1525 2109 oque
1537 2041 1627 2096 diluuii
1644 2042 1680 2096 ad
1693 2045 1738 2097 de·

100 2131 248 2186 subditur:
943 2128 1044 2181 leudem
1060 2127 1204 2181 urtioerssm
1217 2143 1328 2184 comem.
1347 2131 1432 2184 Arcus
1452 2130 1477 2184 lu
1498 2131 1567 2187 coelo
1591 2147 1676 2202 uentre
1689 2133 1738 2186 no·

135 2219 436 2292 Adimnpinempuippe
456 2217 504 2273 nei
527 2218 612 2286 [actus
628 2225 665 2271 est
685 2217 772 2272 nomo.
789 2215 891 2271 idcirco
943 2219 986 2274 die
1009 2219 1117 2288 quoties
1141 2218 1256 2283 ridetur,
1282 2219 1388 2290 signum
1413 2221 1490 2276 nobis
1514 2220 1598 2276 diuini
1627 2221 1737 2277 loederis

100 2329 218 2385 namque
234 2312 345 2379 maioris
366 2322 408 2366 est
422 2309 534 2365 sceleris
549 2310 719 2363 innocentem
735 2305 822 2362 occidi
844 2307 893 2358 bo·
943 2307 1014 2376 quod
1030 2321 1083 2362 non
1099 2306 1134 2361 sit
1148 2307 1216 2362 ultra
1231 2315 1301 2364 terra
1317 2308 1419 2363 dilutio
1439 2309 1575 2378 perdenda
1593 2311 1620 2365 in
1635 2327 1738 2367 memo·

100 2407 214 2469 minem;
239 2402 367 2474 quoniam
391 2400 436 2469 noi
464 2400 516 2455 boc
544 2396 619 2464 lacit,
644 2415 698 2454 nou
716 2399 801 2454 solum
824 2411 894 2466 opus
944 2399 1010 2454 riam
1027 2399 1149 2464 reducit3
1165 2398 1213 2455 sed
1238 2406 1268 2454 et
1290 2398 1371 2457 loturi
1383 2400 1476 2471 iudicii
1500 2400 1570 2472 quod
1587 2403 1736 2472 perignem

101 2493 176 2563 quiid
191 2492 256 2547 iecit
275 2490 346 2545 neus
362 2488 454 2553 soluit,
470 2489 517 2544 sed
532 2496 560 2544 et
576 2486 720 2556 imaginem
734 2486 819 2557 ipsius
832 2500 894 2541 eor·
944 2501 986 2547 est
999 2491 1099 2547 mundo
1119 2491 1248 2557 loturum,
1271 2491 1295 2548 sl
1321 2492 1388 2547 bene
1410 2492 1611 2559 consideretnrp
1631 2494 1737 2563 signum

103 2583 215 2652 rumpit.
240 2582 341 2638 idcirco
367 2579 480 2648 requirit
503 2579 574 2633 Dens
598 2576 701 2632 arrimas
726 2575 863 2632 nominum
878 2589 893 2629 a
945 2581 1021 2636 nonis
1035 2589 1097 2636 ante
1112 2580 1205 2637 oculos
1217 2582 1368 2651 pretendit.
1382 2581 1475 2650 Nerine
1486 2583 1557 2639 enim
1572 2582 1671 2639 tinen
1684 2597 1738 2639 cce·

104 2672 211 2739 bestiis,
226 2672 268 2726 rel
291 2670 444 2726 bominibus
460 2668 585 2738 aquibus
604 2665 712 2723 lucrant
725 2665 847 2737 elingatun
859 2665 894 2720 de
946 2671 1021 2726 rulen
1036 2672 1115 2726 simul
1130 2681 1157 2727 et
1169 2671 1317 2728 rubicundo
1326 2672 1417 2728 colore
1431 2672 1597 2744 resplendet,
1608 2672 1658 2729 nisi
1674 2677 1737 2743 qnia

101 2779 229 2835 corpore,
254 2763 316 2833 quia
330 2762 364 2819 ad
385 2762 529 2832 imaginem
544 2775 618 2816 suam
635 2758 700 2816 lecit
714 2759 851 2815 bominem
866 2758 893 2812 in
944 2761 1060 2817 ceruleo
1074 2762 1165 2820 colore
1177 2777 1306 2833 aquarum
1321 2778 1381 2835 qnae
1397 2763 1595 2831 preterierunt,
1610 2764 1737 2820 rubicun-

100 2873 135 2914 eo
148 2857 220 2928 quod
236 2856 309 2912 bunc
322 2870 431 2910 manere
445 2853 479 2909 sd
493 2853 668 2909 eternitatem
685 2850 779 2914 voluit,
806 2861 894 2917 neque
944 2853 978 2907 do
1001 2853 1167 2908 flammarum
1192 2868 1251 2922 nne
1267 2852 1281 2891 ¹¹
1296 2863 1415 2909 uenturae
1437 2864 1500 2910 sum
1519 2856 1595 2911 nonn
1615 2857 1737 2910 testinno-

101 2949 136 3005 ad
150 2947 357 3005 similitudinem
377 2945 553 3001 animantium
572 2957 634 2998 com
659 2939 781 3010 corporis
805 2948 893 2994 morte
946 2945 1018 2999 nium
1044 2942 1175 3013 perbibet.
1198 2943 1267 3011 npre
1291 2955 1379 3000 autem
1401 2959 1479 3001 arcus
1502 2947 1631 3011 celestis,
1654 2962 1734 3018 quem

100 3041 231 3111 ·perire;
253 3049 282 3097 et
306 3037 385 3108 nujus
409 3035 570 3093 sacrementi
596 3048 678 3090 cansa
701 3046 810 3087 earnem
829 3044 893 3087 cum
948 3032 1009 3089 lrirn
1023 3043 1129 3101 nocant,
1154 3034 1181 3089 in
1204 3033 1419 3103 signumdininae
1439 3037 1633 3106 propitiationis
1656 3037 1736 3108 poni·

101 3133 238 3201 sangmne
267 3145 319 3187 non
349 3127 541 3194 licetcomedi,
569 3133 601 3182 ut
626 3128 820 3181 admoneamur
842 3123 894 3179 boc
947 3140 999 3196 tur,
1015 3139 1094 3181 arcus
1107 3125 1205 3197 quippe
1220 3126 1265 3182 ille
1285 3122 1459 3196 resplendere
1474 3129 1543 3184 solet
1562 3130 1589 3184 iu
1603 3131 1730 3198 nubibus,

104 3230 244 3291 precepto
258 3220 443 3291 semperonod
458 3219 492 3274 ad
511 3216 654 3288 irriapinem
668 3215 824 3272 conditoris
844 3227 892 3269 no·
943 3231 971 3275 ot
994 3216 1075 3273 radiis
1099 3218 1164 3273 solis
1183 3232 1236 3287 uno
1263 3217 1368 3273 roseida
1396 3218 1543 3274 illustratur
1569 3220 1732 3289 onscmitas,

102 3316 156 3367 stri
185 3311 329 3367 secundum
355 3311 452 3364 animm
475 3307 651 3363 substantiam
678 3305 762 3361 creati
787 3315 891 3365 11111111,
944 3320 1018 3380 grata
1032 3308 1231 3380 quodammodo
1246 3307 1418 3365 confessione
1432 3310 1606 3378 respondere.
1622 3311 1666 3364 Sol
1686 3326 1732 3365 er·

102 3403 281 3473 eamdemque
303 3404 329 3458 in
348 3403 424 3458 nobis
447 3401 590 3469 imaginem
616 3395 752 3467 peccando
772 3410 893 3451 corrum-
943 3414 978 3471 go
999 3398 1110 3469 iustitiae
1132 3397 1254 3456 Christus
1275 3409 1335 3466 est,
1360 3399 1443 3456 nubes
1464 3401 1497 3455 ab
1520 3402 1566 3456 illo
1591 3400 1734 3456 illustrate

102 3512 169 3567 pm
180 3497 332 3553 siruamus·
945 3489 1041 3549 sancti.
1056 3502 1170 3559 quorum
1192 3491 1300 3544 nomina
1323 3491 1422 3557 scripta
1437 3500 1499 3545 sont
1513 3489 1539 3545 in
1564 3491 1644 3554 emlo,
1661 3491 1736 3545 etde
1790 3470 1794 3479 ¹

138 3587 203 3644 lloer
214 3602 316 3659 qaoque
327 3585 395 3640 sien
406 3583 477 3639 Drss
488 3584 523 3637 nd
538 3582 596 3637 Noe
606 3591 628 3637 et
638 3584 672 3636 nd
686 3580 820 3651 pliosejss
833 3594 892 3633 sirm
945 3580 1041 3650 quibus
1057 3578 1196 3634 Psalmista
1212 3597 1218 3632 :
1236 3579 1353 3643 Domine,
1368 3580 1393 3633 in
1408 3580 1471 3634 coelo
1493 3582 1667 3635 misericordia
1680 3592 1735 3646 tsn,

100 3692 156 3734 ec:
172 3676 239 3731 Ecce
260 3693 308 3748 epo
333 3684 444 3728 statuum
466 3682 568 3743 paetum
596 3686 679 3725 meum
701 3670 839 3735 nobiccum,
869 3676 893 3722 et
944 3677 967 3723 et
982 3670 1074 3724 seriem
1092 3679 1137 3723 tun
1151 3669 1275 3739 usquead
1295 3669 1474 3738 entellum.
1493 3687 1572 3738 raro,
1586 3672 1624 3740 b).
1642 3673 1670 3726 lit
1686 3686 1734 3739 rip·

99 3786 159 3825 ιιιιι
183 3771 282 3825 semine
305 3779 387 3823 uerno
402 3777 524 3836 pontons,
540 3776 566 3820 et
580 3776 678 3820 caetera
704 3777 789 3833 usqne
811 3761 892 3818 adid
944 3768 1055 3831 parente
1085 3775 1148 3815 arcu
1171 3761 1198 3814 in
1222 3760 1337 3815 nubibus
1368 3776 1470 3815 mernor
1493 3763 1521 3816 tit
1551 3763 1736 3828 promissionis

99 3864 172 3935 quod
198 3863 256 3917 ait:
273 3858 309 3913 tir
332 3873 492 3930 nequequam
516 3855 684 3922 interficietur
712 3852 783 3906 ultre
806 3853 891 3906 omnir
943 3865 1000 3906 suae
1022 3848 1160 3916 Dominus,
1184 3865 1219 3904 ne
1242 3849 1335 3919 perdat
1358 3858 1459 3904 terram
1483 3852 1670 3919 dunelmensis
1685 3867 1734 3921 per

99 3969 160 4008 raro
173 3953 250 4024 spuis
266 3951 375 4013 diluuii:
395 3965 474 4017 neque
487 3949 533 4002 erit
549 3948 668 4016 deirrcepa
683 3944 810 3999 diluuium
832 3942 889 3997 dis·
944 3941 1150 3999 intercessiones
1173 3953 1337 4006 sanctorum,
1363 3941 1408 4009 nul
1432 3956 1483 3994 non
1504 3944 1538 3995 de
1557 3956 1617 4007 stro,
1633 3944 1681 3998 sed
1696 3947 1734 4001 do

98 4048 189 4115 siparis
211 4055 319 4098 tarem.
340 4041 414 4097 Patet
429 4040 526 4096 littere
545 4037 721 4108 sensus,qnia
744 4050 797 4090 nou
819 4034 887 4089 ultra
943 4034 1003 4102 ipso
1017 4033 1107 4089 lucere
1122 4032 1223 4098 sciunt,
1239 4030 1425 4102 propitiabitur
1440 4033 1572 4099 nde-nnus,
1589 4048 1649 4088 curn
1665 4052 1733 4092 ocu·

100 4134 253 4190 timendum
279 4140 321 4187 est
344 4130 443 4185 mundo
466 4126 595 4197 judicium
620 4140 708 4197 aquae,
734 4125 781 4180 sed
808 4123 889 4196 ignis,
945 4125 985 4182 los
998 4125 1096 4181 mentis
1108 4123 1141 4180 ad
1161 4123 1280 4180 noeleotia
1295 4123 1471 4179 desideranda
1491 4126 1647 4194 srrsroltnut,
1661 4128 1735 4198 ejus·

97 4226 250 4295 crebraque
263 4219 423 4291 repetitione
440 4217 610 4288 redarguitur
633 4231 665 4275 ae
678 4215 821 4271 damnatur
835 4214 891 4270 be·
943 4231 996 4284 nne
1014 4216 1127 4287 pieriam
1153 4215 1180 4271 in
1201 4213 1410 4284 precedentium
1422 4213 1557 4283 justorum
1576 4217 1661 4284 iactis,
1677 4219 1734 4275 sira

99 4317 169 4370 resia
179 4312 316 4383 origenis,
329 4309 374 4380 noi
388 4309 570 4365 revolutiones
583 4308 745 4362 serculorum
770 4305 892 4360 induito·
944 4307 1032 4372 dictis,
1045 4320 1093 4361 seu
1103 4306 1183 4361 etiarn
1205 4301 1212 4340 ¹
1228 4318 1259 4359 se
1272 4303 1378 4373 sopitis,
1395 4313 1519 4373 tanlquam
1535 4305 1561 4359 in
1582 4306 1665 4375 ipsius
1681 4323 1733 4361 uo·

100 4421 160 4461 rom
175 4405 275 4461 eodem
285 4401 381 4458 ordine
394 4414 502 4471 semper
515 4398 696 4462 currentium,
708 4395 892 4466 dogmatizare
907 4399 1034 4483 onibus,
1048 4404 1206 4466 agnoscunt,
1218 4394 1322 4464 eritque
1336 4408 1414 4449 arens
1427 4394 1454 4448 in
1474 4396 1599 4461 nubibus,
1615 4408 1641 4453 et
1658 4398 1735 4452 ride·

100 4492 410 4567 maumpsitttystice
430 4500 588 4545 autemnon
610 4487 729 4543 reditura
750 4487 891 4540 interram
947 4491 982 4543 no
1006 4487 1092 4552 illum,
1116 4495 1143 4540 st
1164 4483 1326 4540 recordabor
1350 4483 1459 4539 imiteris
1482 4487 1639 4554 sempiterni
1663 4490 1735 4555 quud
1784 4550 1788 4555 ,

100 4603 172 4657 ηιμ
195 4584 293 4642 diturii
316 4583 448 4654 signifieat
469 4581 540 4652 quod
564 4592 632 4649 aqua
658 4574 784 4646 baptismi
810 4574 895 4630 aetite!
946 4583 1044 4637 lactum
1059 4579 1183 4636 estinter
1206 4578 1287 4631 neum
1302 4583 1329 4631 et
1351 4576 1538 4632 interomnem
1552 4579 1669 4632 animam
1694 4581 1738 4633 ri-

99 4692 214 4752 atoepit
235 4695 290 4735 11011
308 4680 377 4733 11111
395 4676 498 4745 repeti;
525 4676 570 4744 qui
593 4671 664 4728 1111111
685 4671 824 4735 1111111011,
841 4679 895 4722 11011
946 4686 1053 4729 rentem
1070 4670 1203 4726 urrinerste
1215 4669 1304 4725 earinis
1318 4683 1378 4736 oure
1400 4676 1443 4722 est
1459 4656 1540 4734 snper
1555 4679 1664 4724 terram.
1681 4669 1737 4725 llu-

102 4773 206 4842 indiget
231 4781 260 4827 nt
282 4770 366 4834 leret,
391 4779 420 4821 ut
436 4765 566 4820 nonninus
591 4764 649 4832 ipse
673 4768 786 4818 testatur
801 4758 894 4828 (tonn-
947 4779 1026 4819 niano
1039 4775 1115 4817 more
1127 4760 1225 4815 dicitur
1239 4757 1373 4814 recordari
1392 4757 1464 4812 neus
1480 4758 1588 4813 toederis
1601 4758 1651 4823 sui,
1678 4761 1739 4814 riso

101 4880 166 4930 stu,
183 4864 240 4932 td),
266 4862 365 4932 quique
378 4859 455 4928 anuis
476 4856 677 4913 tribulationum
705 4853 789 4909 semel
812 4851 894 4907 abluti
947 4856 975 4908 in
991 4853 1107 4907 nubibus
1122 4864 1196 4917 areu,
1212 4847 1257 4916 nui
1270 4858 1378 4917 propter
1390 4848 1485 4901 merite
1499 4857 1663 4911 sanctornm,
1676 4847 1737 4914 qui·

100 4957 136 5011 ad
155 4955 272 5008 salutern
294 4966 442 5022 peruenere
457 4957 624 5020 perpetuam,
639 4959 807 5016 nequaquam
826 4943 896 4997 ultra
948 4946 998 4999 nus
1012 4944 1073 5013 ipso
1087 4941 1239 4996 illustrante
1249 4939 1356 5008 gloriosi
1369 4946 1398 4993 et
1410 4939 1534 4993 celestes
1544 4939 1671 5005 esistunt,
1688 4955 1737 4993 uo·

101 5048 201 5104 nmero
226 5045 304 5115 anuis
325 5040 455 5113 purgandi
469 5038 483 5078 i
498 5037 693 5101 immittuntur,
718 5034 765 5089 sed
790 5034 843 5089 leti
868 5032 896 5088 in
948 5047 1011 5093 strae
1024 5033 1156 5104 lragilitati
1179 5029 1266 5100 parcit
1288 5036 1316 5083 et
1329 5029 1487 5090 miseretur:
1503 5043 1555 5083 non
1571 5038 1658 5083 aritem
1678 5028 1737 5098 lpse

100 5150 237 5195 aternum
266 5151 315 5191 suo
337 5132 510 5202 liedernptori
537 5130 683 5185 cantabunt
699 5146 705 5181 :
721 5125 896 5180 Trnnrinimus
948 5128 1052 5183 noriter
1066 5121 1166 5192 aliquid
1181 5121 1347 5184 recordatur,
1363 5120 1408 5190 crui
1432 5120 1497 5175 nibil
1517 5134 1632 5188 uinquam
1648 5130 1736 5188 potest

101 5229 246 5301 peripmm
260 5236 285 5282 et
303 5242 408 5294 aquom,
433 5233 458 5278 et
481 5221 606 5277 indusiati
619 5236 666 5276 nor
681 5220 708 5274 r'u
732 5217 897 5289 retripertsm
948 5215 1081 5272 oblivisci.
1103 5214 1204 5269 blemor
1227 5213 1298 5267 enim
1324 5210 1372 5266 luit
1398 5209 1424 5265 ln
1443 5209 1569 5265 srecnlmn
1583 5211 1735 5266 testamenti

139 5418 156 5448 ι
167 5409 223 5472 pp„
239 5405 353 5473 paitru,
989 5396 999 5436 1
1015 5394 1066 5454 nl..
1078 5409 1135 5445 cum
1147 5392 1284 5446 obderem.

137 5478 156 5518 ⁸
171 5479 227 5542 Ab,
242 5475 421 5529 immittuntur.
987 5465 1041 5517 sibl
1057 5503 1065 5528 ,
1081 5478 1190 5514 comem.

141 5551 154 5573 ⁸
170 5548 225 5609 nn,
240 5546 306 5599 boec.
989 5532 1067 5595 int..
1080 5540 1195 5583 uentura.

137 5618 154 5658 δ
170 5619 226 5683 Ab,
241 5615 339 5686 perrupit
352 5614 418 5684 ejus.
991 5604 998 5642 t
1012 5601 1044 5656 ΑΙ
1059 5643 1066 5669 ,
1082 5616 1112 5654 ne
1125 5615 1159 5652 se·

141 5710 155 5735 ·
168 5688 225 5757 nt,
239 5701 311 5740 trerae
322 5686 380 5738 uite
391 5679 556 5754 rorrtssslons.
