3794 6120
123 313 176 371 m
370 306 403 363 ni
422 304 609 363 senestuti
628 304 837 363 inebrietati
859 303 1076 362 stimantes
1098 302 1344 363 excestria·
1364 305 1428 364 titt.
1449 309 1493 366 ii.
1703 307 1756 368 nit

121 429 198 498 juste
212 429 416 495 persentientes.
432 421 506 475 verbi
518 419 673 475 austerioris
685 432 751 474 cnse
767 417 877 478 ioedare.
889 424 916 471 et
930 419 952 476 Α
967 414 1043 469 audis
1066 431 1194 469 ammones
1216 415 1328 471 baritana
1347 419 1520 486 sapientiam,
1538 419 1689 476 Ser-iinon
1704 461 1713 490 ,
1731 430 1757 477 el

125 518 170 574 rel
186 516 287 571 oitttnte
299 512 443 582 superante
456 511 570 566 actionis
587 525 681 566 earnm
696 509 771 580 quasi
786 509 917 564 itmitriam
969 505 1322 577 i’itarirtrorantlaauentittm
1335 526 1343 565 t
1357 508 1434 565 ieras
1445 512 1536 580 guerit
1556 515 1652 568 tnalattt
1664 515 1755 570 adrn-

127 605 310 679 vituperantia
323 606 470 674 decerpere
484 616 685 671 praesumamus.
702 600 795 656 Sedet
807 601 831 655 si
851 601 919 656 loris
967 616 1025 654 antu
1039 610 1082 665 te;
1096 601 1119 654 ai
1137 600 1285 655 dimittimus
1295 618 1351 657 eam
1364 604 1411 667 sic,
1426 620 1512 659 amnes
1524 606 1627 659 ιιιιιιιι
1641 607 1667 660 in
1686 622 1756 674 eant,

127 716 179 757 tros
191 699 246 754 iaie
259 696 359 768 aliquid
375 697 507 752 incautius
519 694 606 763 egisse
620 695 771 766 contigerit,
793 708 855 749 mot
870 693 920 749 do·
968 700 990 747 rt
1005 693 1101 747 sentient
1118 691 1239 758 Romani,
1254 704 1277 747 et
1292 694 1381 749 tollent
1394 707 1508 750 nostram
1528 708 1551 752 et
1565 699 1649 752 laeam
1662 708 1685 753 ιι
1695 715 1757 770 gert-

128 791 210 849 lcnda
228 805 277 845 cor
289 797 441 859 percutere,
455 795 483 842 et
503 785 679 864 temerarium*
694 784 840 862 admissam
862 793 920 841 stu·
969 791 1017 839 tem
1043 781 1133 852 (ioan.
1152 785 1203 855 rt).
1219 785 1288 841 Ecce
1303 784 1330 840 in
1354 795 1473 856 tempore
1488 803 1554 844 mea
1569 789 1699 858 passionis
1718 798 1757 846 tot

127 885 240 942 &amus
254 879 410 952 walterdo
429 879 572 949 corrigere.
596 877 695 933 lienum
722 876 798 947 Juxta
824 885 919 946 coeptte
970 876 1105 930 miraculis
1120 877 1319 947 apparentibus,
1333 877 1457 933 viderunt
1470 881 1620 950 quicunque
1640 896 1701 936 vcra
1722 881 1757 936 vi·

127 971 326 1044 uplanadonis
338 969 472 1035 ordinem,
487 984 540 1038 qna
560 967 624 1024 Saul
637 966 777 1023 ludoicum
794 966 919 1036 papulam
970 967 1035 1024 dere
1050 976 1196 1038 potnerunt
1211 967 1238 1023 itt
1252 977 1289 1036 te,
1312 969 1382 1039 quati
1395 969 1533 1027 tradiderit
1547 981 1573 1027 te
1587 970 1716 1026 [lominus
1730 971 1758 1026 ln

128 1066 189 1123 alre
202 1079 327 1136 regnam,
344 1061 425 1117 narie
446 1076 511 1116 reto
529 1060 664 1115 Citristutn
688 1058 838 1129 sigaiilcare
852 1057 921 1113 diri·
970 1064 1105 1131 palestate
1120 1075 1191 1126 mea,
1207 1061 1315 1116 eumad
1339 1077 1418 1116 uuam
1434 1062 1675 1118 mansuetissimam
1690 1077 1758 1120 meae

129 1170 202 1224 ΠΜ,
218 1167 362 1226 l>⁰⁸⁸¹¹¹¹¹l¹⁵
377 1151 532 1222 Ῑθῑθῃῑιθῐθ
554 1151 625 1220 ll⁰⁰d
650 1148 775 1204 eumdem
795 1149 919 1216 nennium
971 1152 1154 1225 responsionis
1169 1166 1262 1208 vocem
1277 1167 1328 1223 qua
1338 1152 1404 1219 diti,
1421 1154 1475 1223 ligo
1489 1168 1559 1223 sum,
1583 1161 1655 1209 tanta
1670 1168 1759 1210 arma·

127 1248 188 1305 tire
202 1245 344 1314 imperium
366 1243 507 1298 Dominum
530 1255 607 1297 suurn
630 1240 765 1296 secaverit
787 1239 919 1308 Cbristtts,
971 1253 1057 1299 terunt
1076 1242 1336 1300 mamtstremeiacta
1356 1245 1467 1311 cerruit,
1483 1259 1544 1300 cunt
1567 1260 1609 1300 me
1628 1245 1759 1303 erueibsa

129 1352 164 1394 eu
178 1336 250 1406 truatl
264 1351 298 1391 en
312 1335 359 1390 illa
372 1332 485 1388 larmam
499 1332 569 1387 serti
589 1345 696 1387 sumere
719 1329 842 1400 dignatus
866 1330 920 1395 slt;
971 1334 1077 1389 insolita
1087 1334 1185 1389 coelum
1199 1342 1282 1388 tatum
1295 1334 1408 1390 meridie
1419 1334 1505 1405 caliga
1518 1335 1688 1392 tenebrarum
1710 1336 1760 1393 ab·

128 1428 268 1485 muirtam
282 1440 346 1482 nera
357 1423 476 1489 Domini,
490 1421 563 1493 qnod
576 1421 601 1478 si
616 1436 671 1491 ιιι
682 1418 921 1492 ceterisgenttbnr
972 1426 1054 1493 tetit;
1078 1440 1121 1481 me
1142 1423 1266 1495 spiritum
1290 1426 1446 1494 exhalante,
1461 1437 1531 1483 terra
1548 1437 1601 1484 tata
1614 1437 1760 1497 commota,
1826 1450 1829 1455 ·

128 1519 278 1587 antiquitus
304 1517 398 1586 gratia
423 1512 571 1582 spiritualis
597 1511 750 1567 unctionem
765 1509 920 1567 contulerit.
972 1528 1055 1589 petrae
1076 1517 1231 1584 conscissae,
1251 1527 1425 1575 monumenta
1448 1530 1554 1589 aperta,
1577 1529 1605 1575 et
1621 1517 1761 1578 innumera

130 1606 248 1676 lienem
258 1605 373 1661 noluerit
389 1604 416 1659 lu
429 1618 491 1659 eum
515 1602 622 1658 tnittrre
637 1617 756 1669 manum,
770 1599 922 1673 potiundi·
971 1618 1137 1664 mortuarum
1149 1616 1211 1662 sunt
1224 1609 1339 1664 excitata
1355 1609 1498 1665 cadavera.
1513 1610 1578 1665 lica
1592 1610 1707 1682 dettiqne
1717 1626 1762 1667 re·

129 1708 174 1754 itta
187 1698 312 1768 perderet
336 1694 533 1766 iniquos3sed,
547 1694 624 1764 quasi
650 1693 793 1765 chlamyde
811 1693 920 1763 detrun·
972 1701 1147 1757 surrectionis
1161 1708 1231 1755 testa
1252 1701 1348 1771 angela
1362 1712 1517 1772 apparente,
1532 1718 1609 1775 aeque
1634 1712 1662 1760 et
1681 1713 1762 1759 terrae

128 1798 193 1845 Μ
205 1787 300 1860 ”istit
313 1787 470 1856 dillifliffli
484 1787 519 1842 ⁵5¹
536 1800 610 1842 0⁰⁵⁸
625 1796 707 1854 lem·
721 1793 750 1843 ²²
763 1787 920 1857 willimu-
941 1777 961 1835 Β
976 1805 1063 1852 matus
1075 1796 1159 1852 iactus
1171 1798 1327 1864 immensus,
1338 1804 1366 1852 et
1379 1796 1417 1853 tui
1427 1804 1491 1852 tunt
1500 1797 1636 1853 exterritis
1646 1811 1679 1852 ac
1688 1811 1762 1852 tnur-

129 1880 203 1937 verit
213 1895 262 1937 einr
275 1880 304 1935 in
316 1878 369 1934 rita
380 1879 510 1949 ipset-um.
527 1878 559 1934 Et
572 1878 641 1933 stetu
654 1877 723 1934 aliua
735 1877 920 1957 patmuspit:
974 1886 1026 1942 tuis
1039 1884 1180 1942 assimilati
1187 1885 1325 1942 custodes.
1342 1884 1376 1940 Et
1389 1885 1497 1958 quidem
1509 1884 1623 1956 eogitari
1633 1895 1663 1942 ut
1675 1887 1697 1942 si
1708 1901 1761 1944 uon

128 1970 175 2027 ite
196 1970 321 2027 acciderit
348 1986 402 2037 eas,
421 1971 556 2041 cmmoda
571 1969 754 2026 obliviscantur
774 1969 836 2042 lenit
860 1979 921 2028 inn-
974 1977 1129 2047 penderes,
1144 1976 1296 2032 occiderem
1308 1986 1351 2044 te3
1374 1977 1421 2034 sed
1440 1978 1559 2048 pepercit
1574 1978 1620 2034 tilii
1632 1979 1763 2049 patienter

130 2066 257 2140 diepam
269 2066 328 2122 illas
341 2067 369 2120 itt
382 2066 474 2121 nirtate
493 2076 547 2134 tua,
562 2074 586 2121 et
604 2065 707 2122 destrae
719 2080 772 2133 ιιι,
793 2074 923 2136 proteum
972 2066 1076 2138 agenda
1090 2082 1157 2123 meae
1172 2066 1354 2124 miserationis
1366 2077 1517 2139 respectus,
1535 2070 1639 2127 malens
1654 2080 1680 2126 te
1702 2081 1762 2128 acta

127 2177 213 2226 ιιιιιιι,
227 2159 337 2216 Domine
352 2158 437 2230 litai.
449 2158 539 2228 tvut).
973 2160 1127 2232 pteuitentia
1152 2160 1258 2217 rentiam
1276 2161 1443 2235 salutemque
1463 2165 1572 2220 mereri.
1586 2162 1646 2221 Diti
1670 2166 1761 2221 enirn:

166 2249 201 2304 lit
216 2252 340 2323 confregit
364 2248 447 2304 dauid
469 2251 536 2304 viror
558 2250 866 2315 metamaucensem.
888 2248 923 2303 Et
972 2253 1030 2309 llnn
1055 2254 1201 2322 percutiam
1235 2253 1374 2320 lunditus,
1405 2254 1578 2326 aeleramaue
1602 2257 1638 2311 de
1673 2257 1762 2312 medio

128 2340 921 2412 coniregitbatniuusdiscipularutnsuernmautteritaicm,
972 2353 1096 2413 gentem,
1126 2347 1249 2414 quamvls
1273 2347 1467 2416 peccatricem,
1492 2357 1519 2404 et
1536 2348 1669 2405 inimicam
1685 2348 1762 2415 ntibl,

128 2430 292 2502 etiaimpias
306 2430 394 2502 perire
409 2430 609 2497 desiderabant,
623 2430 754 2487 dicendo:
778 2429 867 2487 Nolite
875 2432 923 2502 itt·
972 2451 1005 2492 cr
1024 2452 1074 2506 qua
1096 2435 1215 2491 babitnm
1238 2436 1327 2503 serti,
1349 2438 1376 2492 in
1395 2451 1449 2508 quo
1472 2447 1555 2493 totum
1574 2438 1702 2494 mundum
1722 2441 1765 2495 lu·

131 2523 229 2591 dicare,
255 2531 343 2576 ιιιιιιι
363 2520 546 2592 judicabimini
560 2519 668 2593 (dotti.
683 2524 739 2591 vti).
760 2520 848 2577 Nolite
861 2538 923 2576 can·
972 2529 1148 2592 ediscerem,
1178 2527 1304 2596 sttscepi;
1332 2543 1465 2597 atramque
1494 2529 1521 2584 in
1548 2529 1668 2600 patribus
1699 2530 1763 2586 elini

131 2615 360 2681 umnameinon
372 2612 606 2667 condemnabimini
622 2611 698 2685 (Luc-
714 2613 762 2684 iti·
786 2613 820 2668 El
842 2612 921 2669 aiibi:
973 2619 1060 2675 divina
1089 2619 1193 2689 largita
1213 2618 1354 2688 singularis
1377 2617 1470 2689 gratlae
1491 2617 1676 2675 benedictione
1698 2633 1763 2689 per·

134 2705 195 2761 idon
205 2708 274 2763 enim
283 2706 351 2761 arim
363 2704 433 2761 dieas
448 2704 546 2760 Filium
559 2722 635 2760 auttm
650 2707 677 2760 in
692 2706 824 2773 ntundnan,
838 2718 867 2761 ιιι
876 2708 923 2777 jtt-
974 2712 1049 2767 indit,

131 2801 198 2856 dicet
224 2801 367 2865 arandum,
388 2797 433 2853 aed
455 2806 484 2853 ιι
503 2798 613 2852 emunire
634 2800 745 2854 inaudita
767 2815 813 2872 per
839 2801 924 2869 ipsunt
1012 2804 1080 2870 Qain
1101 2805 1196 2872 petias,
1220 2808 1350 2871 paterini,
1373 2803 1438 2869 alde,
1454 2813 1506 2859 ete.
1520 2802 1588 2871 Quin
1602 2803 1700 2873 politis,
1721 2790 1764 2860 lit-¹

134 2888 224 2960 (ioan.
252 2889 305 2960 tu),
334 2889 661 2961 ceuraqoebnjnsnndi,
684 2898 712 2944 et
738 2890 924 2960 nnnpcrtnisit
977 2896 1036 2966 qttit
1062 2895 1199 2959 botninos,
1229 2895 1324 2963 papule
1340 2907 1429 2957 mnes
1445 2894 1544 2963 quoad
1567 2893 1764 2952 marmandae

132 2995 179 3036 etta
192 2980 382 3036 utriudictant
393 2995 455 3035 inor
471 2978 696 3050 delinquentium,
710 2980 759 3037 sed
782 2980 862 3036 vitam
877 2995 925 3053 po-
975 2985 1169 3056 promissianes
1183 2993 1290 3053 patrum
1315 2992 1345 3039 ut
1369 2983 1451 3039 Filius
1466 2983 1582 3040 bominis
1592 2999 1713 3054 vocarer,
1736 2994 1765 3043 ct

135 3076 183 3131 tias
192 3081 318 3130 amarent
331 3080 524 3128 correctorum.
978 3089 1077 3141 esserm
1090 3088 1125 3131 ue
1138 3089 1183 3130 me
1197 3074 1334 3130 incarnari
1348 3088 1400 3129 aun
1411 3073 1504 3146 piguit.
1519 3072 1621 3131 videet
1635 3088 1768 3145 cognosce

167 3162 254 3219 Porro
273 3163 340 3221 Sattl
363 3179 502 3237 marpeni
513 3165 545 3218 de
565 3180 697 3234 aporema,
713 3172 765 3222 etc.
781 3164 926 3235 Surgentes
940 3127 964 3191 c
980 3166 1122 3222 terminum
1136 3165 1232 3235 regulis
1245 3164 1351 3221 babitus
1374 3164 1411 3220 tui
1425 3164 1451 3220 in
1467 3172 1598 3234 potestate
1611 3179 1685 3233 ιιιιις
1700 3180 1767 3238 atto·

136 3256 267 3314 domitrici
280 3257 448 3313 monumenti
462 3257 599 3322 custodes,
607 3257 653 3327 qui
664 3256 830 3314 advenientis
838 3257 925 3327 angeli
977 3259 1048 3312 niam
1056 3271 1116 3311 eum
1124 3255 1297 3326 praeciderem
1305 3255 1487 3311 summitatem
1495 3256 1612 3327 regaliui
1619 3256 1767 3326 ιιιιιιιιιι,

134 3347 233 3406 imore
243 3348 381 3420 prostrati,
396 3356 424 3404 et
436 3347 498 3404 iacti
511 3346 616 3404 lucrant
630 3349 703 3403 velut
718 3349 827 3418 ruerunt,
840 3363 871 3404 ae
887 3348 926 3405 iu·
977 3351 1077 3406 multas
1101 3350 1134 3405 ab
1147 3349 1205 3420 eius
1219 3347 1389 3417 deleuslane,
1402 3363 1462 3419 quae
1483 3363 1529 3417 per
1555 3363 1639 3416 artua,
1661 3346 1722 3404 lites
1740 3361 1769 3405 et

131 3440 237 3515 ιιιιιιιι
254 3450 465 3510 amenumento,
481 3440 654 3496 nibilominus
667 3449 754 3512 coepta
766 3449 860 3497 cantra
874 3440 926 3496 [ln-
977 3443 1045 3499 bella
1056 3443 1168 3514 geritur,
1179 3441 1212 3495 atl
1228 3440 1289 3497 lidei
1301 3451 1328 3497 et
1341 3439 1476 3511 religionis
1489 3454 1557 3496 meae
1570 3439 1768 3510 simplicitatem

133 3532 236 3589 minuar
251 3546 341 3602 praru
360 3531 552 3602 conjurationis
575 3531 671 3587 itinera
686 3530 858 3603 peragebant,
882 3532 925 3588 di·
978 3533 1224 3599 incontinentias
1251 3532 1286 3588 ob
1300 3542 1401 3587 reatuin
1416 3532 1535 3601 pertidia
1555 3534 1582 3587 ln
1609 3546 1703 3588 manus
1717 3533 1769 3589 bo·

131 3629 220 3685 eeada
243 3625 505 3693 venissediscipttlos
523 3627 582 3696 ejus
602 3636 690 3693 nocte,
706 3636 732 3680 et
746 3626 847 3682 iuratos
866 3640 927 3682 esse
977 3629 1059 3684 stium
1079 3627 1179 3692 dando,
1204 3626 1276 3682 ualui
1299 3640 1406 3681 manum
1429 3627 1455 3680 in
1483 3634 1510 3682 te
1532 3634 1632 3694 apertae
1660 3625 1769 3681 oldonis

133 3735 207 3789 mm,
223 3719 277 3776 illis
302 3717 507 3774 dormientibus.
522 3717 598 3785 Quod
612 3718 692 3773 ctiam
707 3717 741 3772 de
751 3715 803 3773 illis
822 3717 868 3787 qui
880 3732 926 3771 cu·
978 3717 1131 3774 extendere.
1160 3716 1350 3773 animadverte
1361 3725 1389 3772 ct
1403 3716 1463 3773 ride
1477 3717 1602 3784 quoniam
1614 3730 1668 3772 non
1687 3725 1730 3773 est
1740 3716 1768 3772 in

133 3810 226 3867 stodes
249 3819 423 3864 monumenta
444 3807 590 3863 adbibuere
614 3815 703 3876 potest
725 3816 798 3863 recte
816 3806 927 3876 intelligi
976 3824 1130 3881 aperemea
1144 3809 1362 3879 antenominati
1378 3806 1587 3878 reliniqnltatis,
1613 3821 1709 3877 meque
1735 3806 1796 3875 ii,

135 3900 245 3975 (Uetti.
263 3898 373 3970 arrtu);
396 3903 441 3969 qul
465 3899 514 3954 etsi
539 3898 672 3955 servantia
687 3907 861 3954 monumento
874 3897 927 3954 ilo-
978 3902 1033 3958 lunt
1047 3915 1108 3955 esse
1122 3913 1263 3970 cognosce,
1279 3900 1378 3968 dotano
1401 3897 1531 3969 propbeta
1558 3904 1673 3954 testeum
1689 3914 1698 3954 t
1716 3897 1769 3967 Qui

136 3992 202 4049 utini
213 4003 357 4065 gementes
370 3991 527 4063 conlusique
540 3991 723 4060 discesserint,
739 4008 792 4049 nan
811 4002 927 4048 tamena
979 4001 1120 4062 precatam,
1134 3992 1230 4061 inquit.
1242 4006 1292 4044 nen
1306 3991 1375 4060 iecit,
1392 4005 1437 4044 ner
1450 3990 1566 4044 intentat
1580 3997 1617 4044 ιιι
1640 3989 1716 4044 dalttr
1741 3991 1769 4045 in

136 4084 325 4155 persequendo
338 4083 417 4140 lldem
430 4083 499 4139 illius
513 4096 634 4154 gressum
647 4082 776 4154 propositi
792 4082 928 4138 sevientis
979 4098 1023 4139 ιιι
1035 4083 1091 4154 ejas
1105 4080 1172 4154 (ira.
1195 4077 1262 4150 titt).
1284 4080 1349 4149 Quia
1363 4081 1430 4135 enim
1444 4095 1475 4135 ea
1488 4078 1558 4135 caiis
1570 4086 1661 4152 orgae
1674 4095 1715 4136 me
1736 4080 1770 4136 de

137 4184 302 4232 averterem
316 4175 418 4244 Quibus
432 4175 552 4243 utrisque
568 4190 584 4229 a
599 4175 764 4232 monumenti
778 4174 928 4230 observan-
978 4183 1082 4249 peccata
1102 4172 1191 4247 (ioan.
1214 4174 1285 4241 rut),
1297 4174 1341 4243 qui
1357 4172 1410 4229 mei
1430 4172 1545 4229 neminis
1558 4173 1716 4229 memoriam
1734 4172 1770 4230 de

138 4270 172 4323 tia
186 4267 347 4332 deturbatis,
362 4273 390 4321 ct
414 4265 471 4336 ipse
485 4263 614 4320 bominac
634 4278 691 4321 suar
712 4265 928 4331 resurrectionis,
980 4276 1051 4323 terra
1066 4265 1211 4321 virentium
1226 4265 1337 4320 eradere
1350 4265 1502 4320 insidiando
1515 4264 1668 4321 conaminil

136 4378 216 4435 qaam
231 4361 336 4418 occulte
357 4360 490 4426 ittduerat,
513 4358 626 4430 gloriam
640 4359 696 4415 suit
711 4359 837 4430 paulatim
852 4374 930 4415 reve·
1016 4359 1099 4426 Qaent
1120 4357 1284 4429 persequeris,
1309 4372 1355 4411 rea
1370 4354 1476 4411 israeli
1495 4371 1570 4426 anns
1589 4356 1771 4427 poscaenia?

139 4454 195 4509 lare
209 4468 264 4509 aen
278 4450 404 4506 tardavit.
426 4451 513 4518 Atque
529 4448 606 4519 liujus
629 4449 685 4518 iant
713 4450 868 4505 carritrmata
894 4463 926 4504 ac
939 4480 967 4543 D
981 4459 1032 4506 ete.
1050 4449 1128 4505 lsrael
1144 4449 1184 4503 nir
1196 4448 1290 4504 videus
1301 4447 1384 4503 ileum
1396 4447 1597 4518 interpretatur.
1609 4450 1693 4517 Quen
1704 4465 1771 4523 ergo

128 4545 274 4615 praedacta
289 4546 412 4610 veritate,
441 4559 502 4599 arax
519 4559 566 4612 per
578 4545 688 4599 eastictn
702 4544 821 4600 clamare
837 4543 929 4600 libere
982 4540 1158 4614 persequeris,
1175 4538 1270 4610 iuquit,
1286 4538 1395 4610 papule,
1407 4538 1453 4609 qul
1467 4539 1502 4595 ad
1517 4539 1659 4598 ridendam
1672 4540 1771 4600 divinas

138 4634 337 4707 praetorianis
349 4634 483 4701 intonans,
497 4649 607 4691 aversas
621 4649 635 4687 a
651 4648 681 4690 se
695 4649 758 4690 sons
774 4644 931 4704 persecuta·
980 4634 1110 4690 claritatis
1134 4632 1247 4704 gloriata
1275 4634 1349 4702 prior
1371 4632 1477 4689 ceteris
1489 4633 1643 4691 ιιιιιοιιιιιιιι
1668 4636 1772 4694 eleetm

138 4742 181 4784 rea
205 4727 320 4798 benigne
334 4725 367 4781 ad
382 4725 528 4793 penitendi
542 4724 691 4780 remedium
704 4724 800 4794 suique
821 4737 931 4779 revoca·
981 4724 1035 4780 esi
1049 4724 1132 4792 Quent
1148 4724 1335 4796 persequerlsl
1347 4723 1461 4782 lilumne
1472 4738 1598 4796 maguum
1611 4740 1643 4783 ae
1657 4729 1771 4799 vigilan·

139 4820 327 4877 batamarem.
342 4817 490 4887 Quasdam
506 4817 830 4887 primisbumaniiatisac
845 4817 930 4886 picta·
981 4814 1114 4870 tissimum
1130 4815 1221 4869 atium
1247 4822 1401 4870 sanctarum
1417 4814 1568 4882 custodem,
1591 4830 1670 4887 quem
1690 4818 1770 4871 marti

139 4910 238 4967 turibi
253 4910 439 4965 reconciliaret
451 4907 587 4980 alloquiis,
603 4908 745 4963 nonnullos
762 4922 855 4964 eorum
872 4918 933 4979 past
982 4907 1087 4965 tradere
1109 4922 1162 4962 nott
1188 4906 1338 4974 dubitasti,
1363 4907 1443 4963 eiiaut
1467 4916 1660 4978 postmortem
1696 4908 1772 4980 seqtd

140 5000 325 5072 mrespicere,
337 4998 363 5055 id
377 4999 572 5067 eti,eatnmissi
582 5000 608 5055 iu
624 4998 709 5057 beon
719 4999 833 5058 sceleris
846 5003 932 5073 pieni·
982 5000 1098 5056 odienda
1125 5014 1178 5056 uan
1199 4997 1306 5055 desistis
1316 4999 1329 5053 i
1340 4997 1407 5055 llum
1421 4999 1466 5071 qui
1493 4998 1666 5054 humanitatis
1679 5000 1771 5054 babitu

140 5099 196 5148 iera
210 5089 360 5161 perdocuit.
872 5149 888 5175 l
983 5094 1114 5160 medicus,
1129 5092 1176 5148 sed
1192 5090 1398 5148 resurrectionis
1420 5091 1489 5146 saltu
1502 5089 1698 5156 velocissimus,
1718 5091 1771 5148 tuis

173 5180 209 5237 Et
218 5181 349 5237 inclinant
359 5197 385 5237 ιι
395 5179 480 5238 limiti
492 5198 590 5251 manus
599 5200 626 5238 tn
637 5192 731 5239 terrain
741 5185 931 5252 aduncinare.
983 5184 1053 5241 iuter
1065 5183 1225 5255 opinion
1251 5183 1374 5239 matribus
1386 5183 1493 5253 elapsus
1506 5189 1559 5246 est.
1581 5181 1638 5251 jam
1655 5182 1773 5239 dentale

139 5272 298 5345 Etpronem
315 5273 489 5344 pteutirrue
514 5284 607 5346 pectus
620 5274 744 5332 Salvator
770 5276 805 5333 ad
821 5292 932 5348 compa·
984 5278 1150 5333 intonantem
1179 5275 1269 5332 denua
1292 5284 1319 5332 te
1348 5274 1554 5346 apprehendere
1578 5287 1657 5343 posse
1675 5275 1774 5330 stritus

138 5366 259 5422 tiendum
272 5364 540 5438 subveniendumque
554 5369 667 5425 terrenus
687 5369 853 5440 inllrmistpue
871 5385 933 5428 eor·
983 5368 1146 5428 arnesriet
1170 5366 1205 5422 Et
1224 5368 1385 5439 qaidemega
1397 5364 1660 5436 nonmmaglariaat
1679 5381 1774 5432 ιιιιιιι,

137 5459 228 5525 dibus,
244 5473 292 5530 per
306 5457 444 5516 ministros
457 5460 499 5517 sul
512 5461 645 5518 scrinariis
659 5463 814 5529 osteudens,
829 5463 933 5532 primus
984 5471 1021 5519 ιιι
1034 5462 1079 5532 pai
1091 5468 1189 5532 morat
1200 5459 1340 5530 uindicet.
1354 5457 1412 5514 ilari
1425 5457 1568 5515 absurdam
1583 5456 1703 5514 videatur
1717 5459 1775 5514 cui·

136 5553 195 5624 ipse
209 5550 333 5622 exempla
348 5550 477 5608 adanadl
495 5560 524 5609 et
536 5553 725 5610 reconciliandi
742 5555 797 5610 lieo
822 5555 864 5610 itis
887 5554 932 5627 qui
984 5569 1065 5626 quam
1087 5566 1181 5609 canem
1201 5560 1336 5607 marinum
1351 5548 1393 5606 vel
1408 5549 1522 5619 pulicem
1544 5548 1650 5606 baurim
1667 5559 1775 5624 gesuri

132 5640 213 5701 ilium
232 5642 390 5714 jamdudum
413 5643 582 5702 aneoitrant
608 5646 738 5705 erbinnit.
757 5647 931 5719 dixitquead
987 5648 1176 5718 iignram,cuttt
1190 5640 1358 5713 etipscalibi
1373 5651 1482 5715 propter
1494 5641 1774 5713 tragilitatetneanttr,

137 5737 268 5810 prinlum
280 5736 433 5797 ludaeorum
450 5753 497 5809 per
512 5738 647 5812 Evangelii
676 5755 831 5812 precones:
845 5742 933 5810 Quare
985 5739 1133 5814 quamsiue
1144 5738 1247 5799 scaniae
1260 5738 1341 5806 virili,
1353 5735 1470 5808 virginea
1487 5752 1572 5794 earne
1587 5740 1714 5809 suscepit,
1735 5738 1776 5789 tit·
