3794 6120
133 305 183 360 tet
382 308 481 362 osum
503 304 725 362 t'oxetttottts
743 307 888 366 orooott
910 306 999 364 PARS
1018 306 1051 363 ll.
1072 337 1106 348 -
1125 304 1324 363 oxoootmt
1344 306 1513 364 CENUlNA.
1708 306 1761 364 436

129 438 241 492 quumque
255 423 357 478 eisderu
372 433 425 475 suut
448 422 481 475 ad
496 425 609 476 satutem
625 425 753 489 prolicua,
773 423 863 477 solerti
880 423 923 476 ine
934 422 958 480 Δ
971 420 1046 475 domo
1056 437 1112 476 mro
1124 430 1147 476 rt
1162 439 1188 475 ur
1202 425 1283 476 muris
1301 424 1362 477 metr
1377 424 1477 482 locem,
1493 429 1518 475 rt
1533 438 1624 476 omnen
1640 426 1730 479 melius
1743 443 1766 479 a·

130 515 226 583 dogiue
250 512 423 583 prospiciunt,
439 521 569 580 qrrrtenos
589 513 705 582 nudique
730 523 784 567 tota
809 528 920 569 eonver-
970 512 1034 582 filiis
1047 522 1075 567 et
1084 513 1186 580 filiales
1201 529 1210 568 ε
1226 529 1316 566 ruomrrr
1330 513 1516 584 sempiternom
1529 511 1596 566 dubo
1609 512 1665 579 eir,
1688 516 1759 585 qood

18 653 23 662 .
132 608 202 661 ratio
216 603 337 672 religiose
358 602 474 658 fidelium
499 603 582 658 libero
604 605 684 658 eorde
703 602 844 658 uirtutibus
863 613 919 657 stu·
970 619 1022 657 uon
1044 604 1175 674 auferetur
1203 601 1279 674 (Ero.
1306 601 1351 674 t).
1378 603 1416 659 lle
1434 618 1486 674 qno
1508 602 1634 659 videlicet
1657 605 1761 664 locoac

133 696 300 764 cererique
314 694 340 749 br
354 701 498 763 conspecto
513 695 554 750 sui
564 693 714 749 Conditoris
726 706 752 749 et
763 708 843 760 opere
855 709 920 762 prm
971 694 1080 749 nomine
1104 703 1131 750 et
1151 695 1315 764 euangelista
1339 693 1467 759 loannes,
1493 693 1538 761 qui
1553 702 1612 748 erat
1636 708 1705 748 ortos
1727 711 1761 751 er

135 784 233 854 fulgida
246 785 343 849 lucere,
358 794 384 840 et
396 786 597 856 ipsinsqooquc
607 785 823 853 contempturum
837 785 921 855 possit
969 783 1053 853 ipsis,
1079 785 1163 841 relert
1178 785 1287 841 audisse
1298 799 1328 840 se
1352 793 1483 840 certantes
1501 800 1548 840 cot
1566 785 1696 843 coriticam
1712 802 1763 841 rre-

133 881 240 933 oculoru
261 880 360 933 mentis
373 877 519 934 intendere.
535 878 633 933 Verum
648 878 708 947 enin
733 879 920 933 intersanetos
970 892 1027 930 ocur
1050 887 1109 930 unte
1130 877 1214 930 sedem
1236 875 1284 931 Dei
1296 877 1387 945 (dpoc.
1411 876 1481 942 trel,
1497 876 1570 945 qrrod
1590 892 1671 931 nemo
1691 878 1763 932 alios

135 969 321 1035 praedicatores
342 967 379 1020 illi
397 977 459 1022 sont
473 967 589 1022 mrrsiruo
602 967 674 1036 digni
690 967 802 1032 bonore,
818 968 862 1035 qni
873 982 920 1021 ex·
971 976 1085 1040 poterat.
1096 969 1246 1038 Statimque
1258 968 1395 1036 adjunxit:
1409 968 1438 1022 lli
1453 967 1569 1036 suutqni
1585 983 1646 1022 cour
1664 968 1760 1023 utolie-

132 1064 211 1125 cepto
224 1055 297 1126 qnod
317 1055 404 1111 cll'reio
419 1056 623 1127 praedications,
648 1068 674 1113 ct
693 1057 851 1129 populorum
878 1073 919 1113 re·
971 1060 1044 1116 ribus
1060 1077 1113 1115 nou
1128 1071 1191 1115 snut
1206 1060 1366 1129 coinquinati
1381 1100 1388 1125 ,
1405 1059 1522 1129 rirgiues
1536 1058 1607 1112 euim
1627 1065 1691 1113 sont
1706 1075 1714 1114 :
1732 1059 1759 1113 iri

131 1151 224 1218 ginnni
248 1151 421 1216 deserviunt,
446 1151 524 1209 etiarn
554 1168 601 1224 pto
626 1153 735 1209 Citristo
762 1155 919 1225 sanguinem
970 1160 1032 1205 suut
1057 1151 1101 1221 qui
1128 1162 1277 1222 sequuntur
1300 1152 1427 1219 Agnnm,
1464 1161 1627 1218 quocunque
1651 1147 1761 1205 abierit.

132 1242 255 1308 t'nuduot,
268 1252 340 1299 recte
352 1244 490 1299 subditur:
971 1244 1065 1298 llerito
1079 1259 1145 1312 ergo
1160 1245 1242 1315 pelles
1258 1244 1449 1316 lupuciutbinre,
1465 1256 1620 1311 supremum
1636 1241 1662 1294 ie
1676 1240 1758 1294 denuo

434 1335 546 1393 carot
567 1337 610 1393 ll'.
972 1333 1018 1389 [lei
1033 1334 1118 1388 locum
1130 1343 1233 1399 tenent,
1249 1335 1376 1402 colorque
1390 1330 1508 1387 eoelestis
1524 1332 1676 1398 prosirnarn
1690 1331 1761 1386 coelo

197 1429 384 1500 operimentum
399 1432 499 1484 tertium
515 1441 537 1484 et
551 1443 668 1500 qttortttrtt
680 1433 713 1485 tle
725 1431 844 1498 pellibus.
970 1425 1061 1480 sedent
1076 1425 1186 1479 sortitos
1199 1432 1255 1491 esi,
1273 1433 1301 1478 ot
1315 1424 1389 1478 chori
1407 1424 1568 1493 titgitttllcs,
1591 1432 1619 1478 ol.
1634 1420 1720 1476 andilli
1733 1430 1762 1477 θῑ

167 1519 257 1577 Focier
269 1530 293 1574 rt
308 1521 496 1588 operimentum
511 1522 585 1575 uliud
599 1530 666 1575 tecto
687 1522 719 1575 de
732 1522 840 1594 pellibus
855 1522 920 1575 urie·
969 1516 1091 1585 corporis
1105 1516 1214 1586 speciali
1227 1517 1324 1570 ricinia
1338 1518 1442 1586 Agunru
1455 1514 1587 1582 secuturi,
1604 1525 1631 1569 et
1644 1513 1761 1586 byrnno-

130 1625 194 1678 mm.
213 1623 265 1669 etc,
280 1614 404 1668 mictum¹
421 1616 522 1684 quippe
536 1616 667 1671 vocabulo
683 1617 774 1672 Solen!
796 1631 920 1671 ῃοῃῃῃῃ.
971 1621 1032 1660 tom
1046 1606 1174 1661 eilandet
1189 1606 1516 1675 desigttetttttreonttttori.
1538 1602 1610 1660 Bene
1619 1614 1709 1659 &illem
1725 1605 1762 1659 dtt

130 1706 308 1772 quamganmi
323 1706 449 1761 doctores
463 1707 560 1776 accipi,
583 1722 616 1762 0⁰
628 1707 700 1778 quod
714 1708 860 1763 giffridum
875 1721 918 1763 gg.
970 1700 1037 1754 Velis
1052 1698 1215 1754 conditarum
1229 1713 1260 1752 ilc
1271 1712 1397 1767 sagorum
1408 1696 1518 1761 dicitur,
1530 1697 1600 1766 quod
1614 1704 1641 1750 ΕΙ
1656 1697 1708 1751 cul
1732 1694 1761 1750 lli

131 1799 271 1866 urentium
284 1797 390 1852 boruiui
405 1813 524 1870 gregum.
540 1798 616 1854 Unde
628 1799 739 1868 pulchre
756 1800 915 1855 Psuluristr:
934 1786 1025 1847 Banu
1041 1790 1143 1862 posita,
1168 1791 1200 1845 ad
1218 1798 1318 1846 terram
1343 1797 1431 1845 tamen
1450 1788 1570 1844 demisso
1591 1786 1761 1858 penderent·

131 1889 359 1957 attierteboruino,
372 1891 466 1958 iuquit,
480 1890 532 1960 filii
547 1889 605 1960 ort,
625 1889 713 1958 offerte
727 1889 837 1943 bomine
852 1890 921 1958 filios
971 1883 1092 1954 quemuis
1103 1883 1214 1938 cortiuae
1225 1897 1390 1951 nequaquam
1402 1881 1434 1936 ad
1446 1889 1544 1937 terram
1555 1895 1640 1951 osque
1656 1880 1763 1949 pertin·

129 1981 239 2034 arietem
263 1978 374 2049 (Protei.
400 1994 489 2035 orxvn
500 1980 521 2050 ).
541 1980 617 2046 Quod
647 1990 689 2035 est
705 1992 797 2048 aperte
808 1981 918 2035 dicere:
977 1992 1041 2048 gere
1054 1977 1199 2047 potuerint.
1213 1977 1352 2032 Columnae
1363 1990 1511 2047 qrroqueae
1524 1976 1620 2032 tabulae
1637 1975 1764 2032 taberna-

132 2072 379 2133 ntlertebonriuo,
404 2071 521 2142 oangeli
540 2072 604 2135 Dei,
627 2073 725 2140 quibos
745 2073 823 2143 nujus
838 2073 919 2128 ollleii
971 2069 1036 2134 culi,
1065 2069 1115 2124 etsi
1136 2069 1162 2123 in
1180 2069 1261 2124 altum
1281 2079 1360 2124 erant
1381 2080 1497 2136 erectae,
1520 2069 1598 2125 bases
1621 2079 1711 2124 umen
1735 2067 1763 2123 in

133 2181 198 2220 eura
213 2164 335 2235 delegata
349 2176 409 2219 est:
424 2163 518 2219 afferte
540 2164 651 2219 bonriuu
667 2166 692 2219 in
709 2165 793 2219 rodus
812 2165 921 2234 spiritus
972 2160 1069 2229 onibus
1083 2169 1203 2225 starent,
1220 2160 1354 2214 babebaut
1373 2161 1400 2214 in
1424 2172 1494 2214 terra
1517 2161 1628 2227 positos.
1645 2160 1682 2215 nt
1695 2175 1762 2216 rero

132 2256 261 2324 tidelinm,
277 2256 322 2325 qui
337 2270 384 2324 per
400 2255 578 2310 imitationem
595 2256 655 2309 ritae
671 2264 698 2309 et
709 2254 781 2320 ouer,
797 2255 843 2310 litii
859 2259 921 2312 bea·
973 2253 1008 2309 de
1032 2253 1176 2308 rubricatis
1198 2267 1267 2322 aque
1286 2252 1466 2323 hyacinthinis
1481 2253 1618 2320 pellibus,
1642 2252 1714 2322 qood
1734 2251 1762 2307 iu

136 2359 224 2400 torem
239 2346 430 2415 apostolorum.
443 2346 501 2400 lieri
523 2356 687 2400 meror-runt.
707 2346 773 2401 lline
794 2346 919 2415 estquod
936 2358 938 2360 ·
971 2344 1026 2398 alto
1041 2353 1140 2399 tectnrn
1153 2345 1290 2414 operient,
1314 2343 1411 2398 dieitur
1428 2362 1434 2397 :
1450 2345 1521 2413 qood
1535 2358 1600 2399 rero
1611 2343 1646 2399 ad
1661 2355 1761 2400 terram

131 2445 209 2497 setta
224 2435 329 2490 mansio
344 2434 445 2505 egressi
460 2450 492 2491 ex
508 2433 626 2507 AEgypto
642 2437 729 2506 populi
742 2436 808 2502 Dei,
833 2437 918 2503 Elim,
972 2444 1063 2490 essent
1076 2435 1205 2501 delere,
1229 2451 1280 2491 uon
1296 2436 1419 2503 additur;
1433 2436 1494 2504 qnia
1516 2435 1643 2492 nimirum
1661 2445 1763 2492 crotera

135 2525 227 2588 idest,
241 2525 355 2580 arietum
372 2526 592 2594 rugnnurinator,
618 2526 644 2579 in
660 2540 711 2596 qna
733 2526 922 2582 eraulduode-
973 2526 1102 2582 virtutum
1123 2527 1228 2599 speeies
1242 2541 1383 2585 eounnune
1398 2530 1499 2598 aliquid
1522 2544 1583 2593 eom
1605 2529 1648 2584 bis
1667 2529 1714 2607 qni
1730 2529 1760 2584 in

131 2616 185 2672 ciro
219 2617 306 2672 lontes
332 2632 482 2687 aquarum,
507 2629 534 2673 et
557 2620 725 2689 septuaginta
751 2621 867 2688 palmae:
893 2629 922 2675 ut
952 2610 1044 2674 'terra
1059 2620 1146 2676 adbuc
1161 2621 1333 2688 detinentur,
1357 2622 1454 2677 babere
1473 2621 1600 2678 ridetur:
1620 2630 1762 2679 certamen

131 2706 257 2763 videlieet
280 2717 306 2763 et
320 2710 430 2765 nooriue
448 2719 474 2764 et
496 2710 587 2779 speeie
604 2713 715 2781 liguram
738 2712 920 2781 apostulorum
974 2726 1038 2767 tero
1068 2714 1204 2783 martyrii,
1229 2723 1257 2769 et
1282 2714 1364 2770 decos
1389 2716 1445 2771 Deo
1468 2713 1563 2769 dicate
1587 2713 1765 2787 uirginitatls,

136 2798 400 2870 apostolicorumque
416 2801 534 2856 cirnrnnr
549 2809 661 2857 teneret.
678 2801 857 2857 llubrieautur
871 2817 921 2856 an·
972 2805 1048 2874 quasi
1068 2805 1101 2859 ab
1121 2805 1220 2859 iutlrnis
1244 2820 1275 2860 ac
1288 2807 1402 2860 terrenis
1423 2806 1505 2861 rebus
1525 2818 1710 2874 suspensum,
1737 2815 1767 2870 et

133 2901 189 2950 tem
203 2892 288 2963 pelles
302 2894 415 2950 arietum
430 2894 463 2949 ad
484 2895 657 2964 operiendum
676 2905 773 2951 tectum
797 2896 922 2951 taberna·
973 2895 1097 2960 so,eruis
1122 2895 1225 2950 ciuibus
1255 2895 1407 2964 specialiter
1431 2903 1538 2950 constat
1560 2908 1622 2950 esse
1643 2892 1764 2963 conjon-

132 2984 202 3053 cnli,
218 2999 279 3041 cum
296 2987 432 3056 apostoli,
457 2989 514 3044 sire
526 2987 668 3055 apostolici
691 2989 758 3054 riri,
783 3002 867 3059 usqne
887 2988 920 3043 ad
973 2997 1055 3041 etum.
1073 2985 1139 3041 Nam
1153 2995 1181 3041 et
1196 2996 1296 3057 martyr
1307 2986 1332 3040 iu
1345 2986 1487 3041 tormentis
1501 2983 1619 3055 positus,
1636 2984 1675 3040 uil
1689 2984 1765 3040 aliod

132 3076 284 3142 passionem
301 3078 421 3148 martyrii
436 3078 519 3133 verbu
534 3079 666 3135 doctrinm
680 3080 782 3135 instare
796 3097 849 3135 rrou
870 3079 921 3136 de·
974 3087 1031 3133 turo
1052 3079 1140 3133 auimo
1166 3077 1298 3144 intendit,
1322 3092 1401 3146 quam
1415 3077 1545 3132 otomuia
1568 3090 1632 3147 quo
1650 3085 1716 3132 tout
1738 3076 1765 3131 in

130 3165 224 3220 tionut
241 3184 247 3218 :
264 3181 318 3235 rprro
333 3167 415 3221 totins
429 3167 567 3238 subjectos
582 3170 615 3221 ub
630 3169 813 3239 ingruentibus
834 3179 919 3226 tenta-
935 3157 958 3222 C
974 3171 1026 3225 bue
1045 3167 1144 3223 mundo
1158 3210 1165 3234 ,
1181 3176 1209 3222 et
1228 3168 1314 3238 ipsum
1329 3168 1408 3222 simul
1433 3167 1559 3222 muudum
1579 3166 1659 3221 eitius
1680 3165 1764 3221 relitt-

134 3258 236 3314 tiouom
252 3259 378 3326 periculis
393 3264 629 3330 peregrimum
645 3261 693 3332 ipsi
708 3263 920 3331 persecutionem
972 3272 1046 3332 quat,
1062 3270 1141 3331 atque
1152 3259 1289 3316 absolutus
1301 3259 1439 3314 doloribus
1451 3259 1556 3314 erueretis
1567 3259 1600 3313 ad
1615 3257 1764 3314 ridendum

130 3355 241 3416 propter
254 3347 385 3417 justitiam
403 3348 436 3403 ad
453 3360 566 3404 mortem
582 3366 664 3420 rnrpre
684 3353 786 3419 perpeti
802 3368 854 3407 unu
877 3369 921 3408 re·
972 3354 1062 3407 mnndi
1080 3353 1270 3417 Conditorem,
1287 3363 1314 3408 et
1328 3367 1360 3406 ea
1376 3368 1435 3422 qne
1452 3353 1521 3406 ultra
1537 3351 1663 3413 erundum
1679 3359 1764 3419 sont,

131 3439 248 3509 tugiunt.
276 3441 461 3510 operiuntque
486 3445 685 3498 tabernaculum
708 3444 813 3499 bomini
837 3445 921 3513 pelles
970 3443 1063 3513 gaudio
1080 3444 1237 3512 possidenda
1252 3444 1399 3511 perveniat.
1418 3442 1450 3496 Et
1468 3442 1587 3506 emlibes,
1601 3441 1758 3503 dolocom-

131 3531 248 3585 arietum
274 3533 436 3598 rubricatae,
460 3544 541 3604 atque
562 3534 708 3601 abitriuria
732 3544 920 3604 tempestatum
971 3549 1077 3587 munem
1101 3533 1205 3603 generis
1234 3533 1343 3588 lrnrnaui
1372 3534 1469 3600 legem,
1495 3548 1546 3603 qua
1567 3531 1668 3587 dieturn
1690 3539 1765 3591 est:

100 3695 103 3701 .
131 3619 300 3687 defendunt,
324 3639 384 3678 curu
405 3626 490 3680 sancti
507 3626 696 3696 predicatores
715 3627 838 3695 exemplo
858 3643 919 3696 pas·
971 3624 1080 3677 Crescite
1094 3633 1118 3676 et
1133 3623 1357 3693 turritiplicnmini,
1381 3631 1405 3676 et
1420 3621 1514 3693 replete
1528 3631 1643 3688 terram,
1664 3620 1769 3678 intuito

133 3711 217 3766 tionis
238 3722 265 3768 et
288 3715 425 3782 pedentim
449 3730 506 3771 soar
528 3717 610 3771 corda
627 3717 813 3783 intirmorum,
840 3731 874 3774 ue
893 3718 920 3774 in
971 3713 1079 3783 majoris
1103 3715 1205 3783 lflmli
1228 3714 1435 3780 transcendunt,
1457 3713 1521 3783 511ῐο
1539 3712 1612 3769 ῑθῑΰῑ
1635 3713 1768 3776 ”limem

133 3803 267 3870 pressuris
281 3803 481 3860 tribulationum
500 3806 640 3873 debriant,
662 3809 793 3864 muniunt.
809 3807 920 3879 Eueno·
971 3805 1076 3861 ociosis
1100 3805 1241 3870 fidelibus·
1274 3805 1328 3861 {¹¹¹⁰
1342 3805 1400 3874 ll)so
1423 3803 1524 3860 mundi>
1538 3804 1631 3860 “⁶²¹⁰
1645 3803 1698 3859 “bl
1714 3804 1768 3861 ⁰¹³·

132 3892 213 3948 morlo
227 3895 297 3949 inter
312 3897 444 3966 praecipua
458 3897 557 3953 Christi
578 3908 606 3953 et
629 3899 757 3955 certesiae
780 3902 919 3966 membra,
970 3904 1046 3966 gont,
1059 3897 1152 3966 sieque
1164 3897 1189 3950 in
1206 3896 1326 3952 Ecclesia
1341 3897 1432 3951 riruut
1445 3906 1474 3952 ot
1487 3895 1614 3951 socialem
1632 3892 1768 3978 Ecclesiae

71 3973 74 3981 ’
134 3985 263 4041 eximium
278 4001 355 4042 sacra
370 3987 510 4058 uirginitas
522 3990 610 4044 locum
624 3999 709 4054 tenet,
724 3999 786 4061 apte
800 4002 858 4061 post
872 4007 919 4046 ra·
974 3989 1208 4046 conversationem
1234 3989 1336 4045 bonore
1355 3988 1442 4045 meriti
1464 3986 1633 4044 sublimioris
1657 3996 1767 4044 autece-

131 4076 228 4133 riatnm
252 4078 335 4135 decos
359 4081 543 4147 cortinarom,
563 4091 624 4151 post
643 4082 807 4137 cilicinorum
831 4082 918 4137 rurrui·
969 4079 1044 4136 dent.
1060 4080 1134 4138 Unde
1148 4079 1181 4139 de
1196 4081 1292 4138 talibus
1306 4093 1378 4138 reete
1390 4083 1484 4139 scribit
1499 4079 1618 4144 loannes
1629 4100 1637 4137 τ
1648 4081 1726 4149 Quod
1737 4082 1766 4137 tt

129 4169 203 4224 mina
225 4179 390 4237 sanctorum,
421 4180 480 4239 post
506 4170 657 4227 rubricatas
681 4172 793 4227 arietum
820 4173 916 4243 pelles,
969 4177 1046 4247 empti
1059 4176 1316 4231 rurrteelrorm'niiur
1328 4177 1449 4246 primitie
1462 4175 1515 4238 Deo
1536 4185 1561 4230 rt
1573 4174 1765 4248 dpuoldpoc.

130 4259 218 4317 adbuc
230 4260 338 4316 additur
354 4278 360 4315 :
970 4274 1039 4339 xrs).
1056 4269 1137 4326 ilecto
1150 4270 1216 4324 tales
1231 4269 1325 4325 Latino
1339 4284 1463 4326 sermone
1478 4269 1521 4325 rel
1532 4267 1662 4341 virgines,
1682 4266 1764 4336 quart

166 4392 246 4411 ....
266 4353 345 4408 Aliud
361 4356 544 4427 operimentum
559 4356 590 4410 rte
611 4356 783 4426 ltpreiutlriur'r
795 4358 915 4425 pellibus.
969 4359 1067 4415 virtute
1095 4360 1227 4430 insignem
1254 4360 1296 4416 rel
1322 4361 1455 4427 celibes,
1488 4358 1565 4431 quasi
1590 4359 1665 4420 coelo
1689 4358 1764 4414 beati

99 4519 101 4522 Ι
131 4442 917 4517 ltpaeturtrnrmmquecelesttsesteoloris:proterere
969 4449 1211 4520 cognominantur,
1235 4450 1260 4504 id
1275 4461 1329 4515 est,
1344 4450 1405 4507 coeli
1426 4449 1525 4507 ciuium
1540 4447 1569 4504 ln
1586 4457 1660 4511 terra
1682 4448 1766 4504 ritant

136 4536 234 4591 mortni
249 4535 407 4602 animantis,
422 4552 484 4608 pars
496 4546 524 4596 et
536 4537 662 4595 indicium
675 4548 727 4595 est.
745 4539 778 4594 lit
791 4540 855 4610 quid
870 4556 917 4611 per
933 4519 958 4583 θ
971 4539 1114 4595 imitantes.

131 4625 217 4697 pelles
231 4625 429 4698 hyacinthinas,
445 4630 496 4685 uisi
516 4628 600 4685 uirtus
614 4629 776 4700 erprintitnr
791 4632 916 4699 illorum,
995 4620 999 4631 ’
1283 4633 1397 4690 ctrot
1417 4633 1447 4689 V.

133 4716 179 4787 qui
201 4717 368 4774 mortilleatis
387 4720 420 4776 ad
446 4735 539 4791 purum
566 4722 672 4777 eunetis
694 4724 917 4792 concupiscentiae
1218 4726 1322 4782 leluloe
1336 4724 1503 4780 tabernaculi.

129 4809 246 4865 carnalis
259 4810 404 4877 illecebris,
420 4813 558 4868 eoelesteur
575 4813 774 4882 uuodaruruodo
788 4813 814 4870 iu
837 4815 918 4871 terris
1007 4817 1099 4872 Fecter
1122 4828 1144 4872 et
1168 4820 1266 4873 tabulae
1282 4829 1375 4875 rtoutrr
1396 4818 1574 4887 tabernaculi,
1600 4825 1657 4881 ete.
1681 4817 1764 4890 Ligna

129 4899 211 4956 ritant
225 4910 428 4972 geronemque
443 4903 513 4957 inter
526 4903 649 4959 lromiues
663 4905 753 4973 positi,
770 4904 917 4975 angelicam
971 4909 1059 4975 setim,
1074 4908 1217 4978 dequibus
1233 4910 1435 4965 tabernaculum
1458 4909 1555 4973 debat,
1580 4906 1763 4978 tmpurrtoiter

129 4989 216 5061 magis
239 4993 382 5061 puritatem
407 4992 546 5048 imitantur
560 5009 567 5049 ε
583 5005 611 5050 et
632 4992 683 5048 boe
705 4994 776 5064 quod
797 5005 918 5065 tempore
970 5010 1031 5056 sunt
1054 5009 1158 5057 natorae
1180 5001 1272 5057 eximii
1296 5003 1421 5057 candoris
1441 5015 1473 5056 ac
1496 5001 1633 5068 leuitatis,
1659 5011 1688 5059 et
1710 5017 1758 5059 noo

127 5079 223 5136 loturo
249 5081 458 5136 immortalitatis
482 5084 587 5138 cunetis
612 5084 777 5153 promittitur
801 5085 917 5152 electis,
970 5091 1083 5147 muttum
1103 5092 1138 5148 ab
1161 5093 1220 5148 alba
1243 5094 1338 5162 spina,
1367 5093 1419 5149 nisi
1447 5100 1552 5147 tantum
1576 5092 1758 5165 maguitudim

127 5172 189 5244 tlfffl
210 5189 262 5229 'wo
285 5174 402 5241 nudam.
433 5190 513 5244 ΜΨ
537 5175 633 5229 dmm
657 5192 768 5240 mm·
796 5177 839 5231 tol
866 5177 918 5231 rint
969 5184 1107 5241 distantia.
1122 5185 1236 5242 llndeet
1250 5186 1637 5258 llieronymosnoooonqnam
1650 5187 1680 5244 lrr
1697 5187 1757 5245 libro

126 5269 238 5339 egenter
259 5271 359 5342 carpetis
376 5267 545 5341 catenant.
562 5269 651 5341 rxn),
666 5269 716 5340 ipsi
740 5268 828 5325 adbuc
843 5285 916 5326 rnor-
970 5275 1145 5332 liebraeorom
1161 5276 1313 5344 dommum,
1324 5278 1373 5333 ted
1388 5287 1415 5332 et
1431 5278 1461 5340 iu,
1473 5276 1536 5332 aliis
1547 5278 1690 5348 opusculis
1699 5279 1756 5345 soit,

126 5360 173 5417 tali
188 5376 268 5420 earne
283 5364 392 5428 retenti,
407 5364 556 5432 prevenire
569 5365 711 5436 sateguutt
727 5364 802 5420 llode
817 5366 915 5421 merito
968 5364 1047 5421 setim
1058 5365 1180 5421 absolute
1194 5367 1286 5435 spinas
1301 5367 1493 5436 interpretatus
1506 5375 1558 5422 est.
1572 5365 1658 5423 l'erbi
1668 5368 1756 5438 gratia,

128 5459 182 5505 tam
197 5468 299 5524 magnes
316 5455 420 5513 uirtutis
435 5470 482 5526 per
504 5471 628 5525 magnum
652 5466 738 5513 restat
757 5458 916 5527 praemium,
968 5455 1035 5512 Abel
1051 5456 1142 5525 setim,
1157 5456 1407 5526 inetosspinrrom.
1431 5457 1491 5513 ttun
1508 5465 1603 5519 autem
1617 5459 1757 5519 bellebec

127 5539 188 5606 oola
209 5552 352 5602 attestante
379 5547 507 5617 propbeta
525 5565 531 5601 :
546 5547 611 5603 tier
631 5550 694 5604 dicit
716 5547 843 5605 Dominus
869 5565 916 5604 ru·
968 5563 1053 5620 genus
1066 5550 1130 5621 ligni
1146 5551 1198 5607 uisi
1214 5553 1239 5606 iu
1258 5551 1375 5607 desertis
1390 5551 1517 5619 trebiae,
1536 5551 1586 5609 obi
1600 5553 1759 5610 tabernaco-

128 5635 238 5702 rrurtrlr,
265 5639 309 5708 pri
334 5642 500 5696 curtodirrirrt
521 5641 626 5697 notan
648 5659 713 5710 nuri,
743 5653 768 5698 ιι
796 5643 916 5718 elegerint
969 5643 1024 5699 lunt
1048 5644 1242 5713 edificabatur,
1270 5648 1341 5702 solet
1359 5644 1484 5702 inveniri.
1509 5644 1588 5703 llude
1612 5644 1703 5703 Greci
1718 5655 1758 5705 rot

127 5739 183 5795 pue
203 5740 250 5799 reo
263 5727 345 5798 rotet,
361 5741 385 5786 rr
400 5732 525 5789 terruerint
541 5734 624 5806 seon
642 5749 743 5802 uterum·
760 5735 825 5792 error
837 5737 874 5792 etr
889 5737 916 5793 r'n
970 5734 1056 5793 Latini
1071 5737 1231 5810 interpretes
1252 5751 1349 5797 nomeu
1371 5738 1396 5796 rt
1411 5735 1483 5795 eliud
1494 5746 1596 5811 prator
1616 5737 1758 5797 nemeen
