3794 6120
134 247 185 303 aas
382 241 484 297 nebu
506 237 732 295 t'thzlttttttls
751 237 889 293 ttrllnlltt
912 238 1000 294 PARS
1021 237 1054 293 ll.
1073 269 1109 280 -
1130 240 1326 296 sarmatica
1346 240 1509 299 Gallittae.
1709 247 1764 304 let

135 363 179 416 ius
192 359 330 415 nostrised
344 356 487 428 [sciendam
508 355 534 408 in
555 355 591 408 eis
611 353 751 406 uindictam
771 359 912 421 appareant
929 354 953 409 Α
968 349 1088 419 Namque
1102 352 1135 405 ad
1152 353 1279 408 indicium
1306 354 1415 423 qtrisletu
1430 357 1534 411 uirtutis
1549 358 1675 426 pertinet,
1688 362 1761 430 quod

135 448 240 521 (Epiros.
256 446 303 518 rr).
972 441 999 494 in
1014 440 1113 506 Gabar,
1131 443 1156 495 id
1171 455 1212 496 ast
1234 444 1302 498 colle
1325 445 1487 511 morabatur,
1515 446 1586 514 quod
1614 450 1665 502 sub
1690 449 1761 505 stralo

169 535 341 592 Descendebat
354 549 416 604 erpo
432 535 514 587 omnis
530 530 614 585 lsrael
634 532 668 585 sd
682 529 917 595 Philistionem.
970 542 1093 601 granato,
1110 535 1180 601 quad
1197 547 1337 589 sexcentos
1348 534 1460 589 lrabebzrt
1471 538 1593 591 comites.
1607 536 1721 592 litenim
1734 548 1761 594 et

133 627 303 684 Descendunt
329 636 357 682 es
380 624 459 679 lodie
484 622 627 686 nonnulli,
654 622 746 677 relicta
775 619 919 674 altitudine
970 623 1761 694 suprapraestans,cottaeatsnuatnssnstaturumsmstt

132 717 206 775 rcrbi
222 718 277 782 Dei,
293 716 325 771 ad
341 715 410 782 arrad
423 715 584 781 audiendum
598 714 744 768 ascendere
759 710 917 776 debuerant,
970 713 1072 782 granati
1089 723 1203 783 tegmen,
1221 719 1411 785 protectionem
1427 718 1569 774 dominicae
1583 720 1687 784 crucias
1711 736 1760 776 aex

133 808 336 880 auscultantque
349 803 445 860 labulis
459 803 648 870 sacrslanbus,
669 816 700 856 ae
719 800 847 855 doctrinis
861 799 918 852 dsu-
970 803 1138 858 centenarius
1167 805 1278 858 militurn
1294 821 1431 868 numerus,
1446 806 1580 876 perlectus
1594 823 1643 876 spe
1656 817 1683 864 ιι
1694 824 1760 879 opo·

133 900 295 964 munierum,
311 905 338 951 et
359 895 472 966 legendo
491 893 656 959 dialecticos,
672 894 795 948 rhetores
815 899 919 961 poetas·
968 896 1072 951 ratione
1086 896 1260 951 demonstrat.
1277 897 1377 952 Vernm
1390 900 1460 968 quod
1488 901 1513 952 in
1538 909 1658 955 extrema
1684 910 1760 970 parte

131 1002 184 1059 qne
198 988 349 1060 gentilium,
365 987 397 1041 ad
413 985 591 1042 exercendum
616 984 752 1054 ingenium
770 990 916 1050 terrestre,
968 983 1044 1038 collis
1062 984 1182 1052 sedebat,
1204 986 1275 1055 quod
1300 987 1381 1040 arbor
1405 987 1482 1057 errius
1503 991 1662 1046 umbraculo
1686 1003 1760 1061 tege·

132 1080 208 1150 quasi
223 1079 256 1132 ad
273 1077 362 1132 labros
376 1074 536 1132 Plrllistlriim
551 1090 598 1144 pro
614 1073 776 1128 exacuendis
789 1071 917 1128 silvestris
969 1074 1058 1139 batur,
1076 1076 1101 1130 in
1117 1076 1236 1145 llagron,
1253 1077 1278 1131 id
1293 1087 1336 1133 ost
1348 1078 1374 1133 in
1389 1089 1496 1149 gutture
1509 1081 1559 1136 sita
1580 1092 1647 1148 erat,
1672 1086 1760 1141 nrinus

131 1171 188 1223 site
208 1167 304 1223 ruralis
327 1167 439 1221 enitnrso
454 1165 643 1227 lerramnntis,
661 1163 794 1232 inermes,
811 1162 861 1217 lrnc
875 1168 918 1215 est
969 1165 1094 1233 perlectae
1107 1164 1194 1220 adhue
1207 1167 1281 1235 signa
1295 1176 1358 1221 strat
1370 1170 1479 1235 mentis,
1494 1172 1545 1226 boc
1558 1181 1610 1235 est.
1626 1173 1684 1241 eius
1699 1190 1759 1243 qrras

130 1258 262 1328 spirituali
276 1257 389 1312 scientia
405 1255 499 1324 privati
514 1253 689 1308 conteninnl.
969 1255 1081 1309 necdsrm
1097 1257 1174 1325 plene
1188 1256 1336 1311 desiderata
1351 1258 1437 1325 patuit
1463 1261 1560 1315 rnoenla
1587 1262 1678 1316 subire
1702 1265 1758 1318 rir-

166 1348 276 1418 Cnmqne
290 1348 396 1403 aenisret
409 1348 463 1400 dies
477 1345 579 1413 praelii,
596 1359 647 1396 nun
661 1350 699 1395 est
715 1341 832 1395 inuentus
850 1355 918 1394 ansts
968 1352 1070 1407 tutum:
1085 1361 1144 1414 quoa
1154 1346 1295 1402 dominicas
1307 1350 1437 1414 passionis
1448 1353 1603 1422 mysterium
1614 1369 1661 1410 ore
1674 1363 1759 1423 tenet,

130 1453 153 1496 et
167 1442 265 1505 latacen,
280 1450 333 1497 etc.
348 1440 414 1494 Cnm
426 1437 546 1508 parotidie
561 1435 642 1490 instet
655 1433 712 1489 dies
723 1432 809 1503 praelii
825 1442 917 1487 contra
968 1434 1014 1490 sed
1029 1436 1124 1491 imitari
1141 1439 1253 1493 necdum
1279 1440 1358 1495 r-rlet.
1385 1440 1461 1508 Quod
1487 1445 1510 1498 si
1536 1444 1609 1515 lutra
1633 1447 1760 1518 sistiquas

129 1533 296 1590 adversarias
310 1541 475 1602 potestates,
491 1528 612 1597 plurimis
626 1541 673 1581 sua
692 1525 839 1580 rusticitate
852 1538 918 1579 coo·
969 1526 1130 1597 interpretes
1142 1544 1192 1601 pro
1207 1530 1317 1600 blagron
1346 1533 1465 1602 legamus
1487 1533 1644 1604 liugaidos,
1668 1537 1695 1593 id
1718 1548 1762 1594 ess

132 1626 221 1693 tentis,
239 1625 316 1696 pauci
329 1621 473 1678 admodum
489 1621 583 1675 idonea
597 1617 713 1674 lectione
724 1616 765 1672 rel
779 1614 918 1670 auditione
970 1626 1126 1683 tentantem,
1141 1619 1174 1673 ad
1188 1623 1312 1675 eumdem
1327 1637 1434 1676 sensum
1460 1625 1578 1694 respicit.
1606 1625 1672 1693 Quia
1696 1637 1762 1684 snat

132 1718 326 1788 scripturarum
338 1716 370 1769 ad
384 1717 434 1769 lroe
446 1712 567 1781 paralium
587 1714 638 1765 rite
649 1710 745 1765 armati
758 1708 915 1779 procedunt3
935 1693 1013 1776 qusi
1029 1719 1102 1764 reeta
1118 1710 1169 1765 lide
1188 1711 1303 1780 pradia,
1329 1720 1409 1769 rectae
1433 1716 1594 1783 operationis
1618 1719 1762 1777 desideriis

131 1808 201 1864 unde
213 1816 303 1861 nostro
315 1814 423 1874 torpore
441 1802 548 1873 arljutus
562 1799 680 1872 quotidie
695 1798 759 1855 iacit
773 1798 849 1854 nobis
863 1797 919 1867 spi·
969 1801 1085 1867 serensi,
1111 1800 1178 1856 dura
1204 1806 1361 1860 tentantium
1384 1807 1510 1863 vitiorum
1535 1814 1681 1866 certamina
1704 1814 1761 1883 pati

131 1895 247 1962 usualis,
264 1893 335 1963 qood
359 1905 421 1948 tane
442 1893 531 1947 lsraeli
546 1891 663 1946 earnalis
682 1891 851 1946 aduersarius
876 1888 916 1944 le·
970 1905 1021 1945 non
1037 1892 1171 1947 desistunt
1187 1910 1193 1946 ε
1207 1903 1287 1963 atque
1312 1896 1373 1951 ideo
1397 1899 1506 1966 perlecti
1530 1901 1637 1957 atlrletre
1660 1900 1762 1962 Glrristi

128 1995 197 2046 cisse
207 1989 377 2046 describitur.
968 1984 1089 2054 quedam
1104 2000 1151 2040 sua
1164 1986 1320 2053 secretiora,
1339 2005 1397 2058 quae
1410 2003 1502 2046 contra
1530 1993 1681 2050 immundus
1703 1997 1763 2066 spi·

164 2080 274 2152 Epressa
290 2087 326 2134 eat
345 2088 429 2133 netem
448 2079 524 2134 statio
544 2075 721 2140 Pisilistlriim-‚
742 2083 770 2127 nt
790 2082 920 2127 transcen·
968 2076 1035 2130 ritus
1048 2078 1194 2148 disponunt
1208 2080 1288 2146 bella,
1304 2082 1338 2137 ab
1353 2081 1505 2152 huiusmodi
1531 2086 1764 2147 commilitonibus

131 2173 201 2227 deret
215 2173 242 2225 s'n
255 2169 398 2225 iiaclrmas.
416 2171 496 2224 Arma
512 2168 610 2238 quiippe
624 2180 677 2220 oon
696 2162 820 2219 babendo
836 2163 916 2219 lsrael
968 2171 1001 2226 de
1017 2170 1147 2225 ipslusssia
1160 2171 1338 2227 abscondam,

133 2262 253 2316 ¹¹⁰⁵¹i¹ll¹⁸
275 2261 388 2329 iallilffl
413 2257 544 2328 praelate
570 2264 598 2310 0⁸
620 2268 669 2309 ¹¹⁰⁵
693 2251 796 2308 desidia
812 2248 856 2305 rel
880 2250 917 2304 ¹⁰·
1004 2261 1086 2315 Erant
1098 2270 1183 2316 nutem
1196 2263 1261 2317 inter
1276 2278 1406 2319 ascerrsus.
1417 2302 1443 2319 ..
1458 2269 1595 2323 eminentes
1605 2281 1693 2338 petre,
1705 2283 1761 2327 ete.

128 2353 222 2424 gandi,
236 2353 277 2407 rel
293 2353 433 2424 llllisslffls
447 2348 599 2419 Sililillffl‘l
619 2341 822 2413 interrogandi,
841 2341 916 2411 quasi
968 2350 1036 2405 Sunt
1048 2351 1195 2406 ascendere
1211 2352 1357 2407 nitentibus
1369 2354 1499 2411 adrersns
1513 2358 1688 2428 malignarum
1705 2366 1763 2434 spi.

128 2448 229 2502 tricoria
245 2446 391 2501 fabricandi
403 2460 485 2509 arma,
500 2444 542 2499 rel
553 2442 686 2498 israelitas
696 2438 786 2495 labrus
797 2436 915 2508 petendi,
968 2442 1067 2496 riturrm
1090 2443 1221 2497 versutias
1250 2441 1403 2500 doctoribus
1430 2449 1530 2504 sanetis
1554 2449 1727 2510 imminentes
1746 2471 1763 2512 s

129 2541 297 2594 occasionem
319 2539 412 2593 damus
437 2533 577 2602 hostibus,
600 2547 653 2603 quo
675 2542 736 2600 past
759 2543 915 2599 oppressam
966 2533 1067 2588 destris
1081 2543 1108 2588 et
1119 2534 1244 2600 sinistris,
1268 2534 1359 2603 idest,
1376 2537 1499 2608 ingloria
1524 2549 1551 2595 et
1578 2542 1760 2616 ignobilitate,

128 2631 318 2695 bumilitatem,
332 2644 411 2699 quiam
427 2626 543 2696 blagrnas
556 2625 665 2680 obsessa
678 2620 915 2692 signifieatetiam
966 2627 992 2681 in
1008 2627 1142 2696 prosperis
1164 2637 1192 2681 et
1216 2628 1242 2681 in
1266 2629 1387 2684 aduersis
1411 2631 1513 2686 insidia
1537 2632 1709 2703 irequeotes;
1733 2646 1762 2694 et

133 2723 239 2779 crateris
251 2721 403 2784 virtutibus,
420 2719 494 2788 nicasi
506 2727 583 2772 terrae
597 2724 698 2771 sanctas
711 2714 826 2780 linibus,
841 2727 915 2769 arma
966 2718 1036 2773 sieut
1052 2718 1146 2773 dentes
1159 2717 1296 2784 mandere,
1310 2730 1337 2774 et
1351 2719 1437 2776 nentri
1455 2737 1545 2777 mansa
1561 2726 1648 2780 solent
1663 2728 1762 2784 isnmit·

129 2814 274 2886 impietatis
301 2812 425 2868 inierant.
450 2809 504 2865 Sed
529 2810 562 2863 ad
588 2809 646 2864 baec
671 2806 802 2863 teterrimi
830 2807 915 2862 bostis
966 2818 1033 2876 tere,
1048 2808 1086 2864 sie
1101 2808 1231 2864 immundi
1260 2810 1449 2879 spiritusolim
1468 2812 1605 2870 beatorum
1631 2831 1762 2889 compage

130 2922 203 2962 arma
225 2901 389 2975 repellenda,
413 2915 465 2955 non
486 2899 550 2955 artis
575 2898 698 2953 lrnmanse
724 2894 829 2964 peritia,
854 2893 912 2963 sed,
966 2901 1107 2969 praerupti,
1121 2898 1257 2969 quamodo
1272 2900 1407 2970 simplices
1422 2904 1561 2972 seducant,
1585 2919 1762 2979 corrompant

129 2997 238 3067 jurante
253 2993 368 3064 Spiritus
383 2990 467 3046 saneti
488 2989 590 3060 grstia,
609 2989 748 3043 doctarum
764 2987 912 3043 caelestium
965 2989 1063 3057 iustas,
1078 2997 1166 3044 castos
1178 2989 1284 3054 sitient,
1300 2992 1381 3060 inque
1395 2993 1526 3061 perditum
1556 3008 1613 3051 suae
1634 2996 1763 3068 nequitie

129 3096 170 3145 est
182 3085 334 3143 exhortatio
349 3084 503 3157 flagitanda.
520 3081 596 3138 Unde
610 3080 731 3152 sequitur
747 3099 753 3133 :
967 3093 1066 3149 eorpus
1081 3080 1224 3151 trajiciant,
1239 3080 1386 3150 inquirunt.

163 3175 280 3250 (llieg.
297 3191 350 3231 ιιι.
364 3175 374 3246 )
390 3173 422 3229 Ει
444 3173 536 3227 accidit
557 3172 669 3242 pomam
693 3171 744 3236 die,
771 3179 799 3225 nt
820 3170 915 3227 diceret
1003 3168 1103 3223 Namara
1126 3172 1170 3222 sari
1191 3167 1280 3236 Basse,
1305 3180 1358 3226 ιιι.
1384 3172 1481 3242 Boset,
1507 3175 1534 3230 ln
1557 3176 1618 3247 ipso
1644 3177 1761 3236 pomp:

127 3267 274 3332 lonstlrass,
297 3277 351 3322 etc.
367 3264 499 3320 lorratban
522 3277 648 3332 nanrque,
664 3261 709 3330 qui
724 3263 916 3333 interpretatur
965 3260 1046 3328 Sene,
1061 3263 1184 3331 angustia
1199 3261 1307 3316 dicitur.
1331 3264 1448 3329 Quorum
1474 3267 1500 3321 in
1523 3280 1648 3340 promptu
1663 3272 1761 3328 atis.

127 3359 257 3415 columbae
273 3353 535 3424 domim,praedietos
548 3352 664 3421 Spiritus
677 3353 760 3424 gratia
775 3352 914 3421 duetores;
966 3353 1129 3423 terpretatio,
1141 3353 1202 3423 quia
1226 3370 1278 3409 non
1294 3355 1382 3411 minus
1397 3356 1508 3413 linreute
1521 3374 1602 3429 quara
1614 3363 1764 3420 adrersan-

130 3449 288 3503 adolesoeos
304 3446 419 3515 armiger
432 3443 500 3513 ejus,
513 3441 658 3511 discipulas
672 3443 829 3500 obedienter
841 3459 914 3500 arma
965 3452 1014 3499 te:
1040 3443 1090 3499 bae
1109 3452 1151 3498 est
1174 3446 1310 3514 angustias
1330 3445 1459 3504 aderente
1478 3451 1589 3518 muodo,
1600 3464 1758 3511 sarmarum

128 3555 181 3594 rson
198 3537 334 3602 carnalia,
352 3535 400 3591 sed
416 3534 470 3590 lieo
494 3533 612 3604 patentia
631 3543 784 3604 gestantes;
799 3550 913 3605 quorum
966 3548 1093 3589 ascensus
1115 3535 1267 3603 impeditur,
1281 3543 1308 3591 ιι
1322 3547 1350 3591 ιιι
1369 3538 1411 3594 rel
1434 3553 1548 3608 corpore
1560 3541 1600 3597 rel
1611 3543 1695 3601 eorde
1708 3546 1760 3603 de·

129 3636 269 3684 renovatur
281 3627 350 3681 siout
361 3624 456 3696 aquile
477 3622 603 3694 juventus
618 3623 736 3696 (Proin.
749 3639 784 3680 ou
796 3624 824 3694 ις
840 3641 914 3695 quae·
967 3623 1047 3688 liciat,
1062 3622 1097 3677 ab
1108 3622 1266 3694 infatigabili
1284 3624 1361 3680 boste
1375 3629 1504 3697 pulsatur.

128 3720 187 3777 dam
202 3719 258 3774 dies
272 3719 389 3773 inchoati
405 3717 568 3780 certaminis,
582 3731 675 3771 eorum
687 3717 803 3771 subitam
819 3727 913 3774 eontra
1002 3713 1077 3771 Ursas
1087 3717 1206 3787 scopulus
1220 3718 1366 3788 mentiosus
1379 3718 1414 3771 ad
1427 3720 1584 3789 aquilonem,
1596 3735 1652 3780 etc.
1669 3721 1760 3783 Gabaa

128 3807 243 3865 bostium
260 3812 421 3863 tentamenta
433 3819 555 3874 superna
570 3803 637 3862 lucis
648 3806 851 3876 inspirationem
866 3809 915 3863 de·
965 3808 1072 3873 collem,
1088 3808 1114 3862 id
1132 3816 1185 3874 est,
1200 3809 1391 3865 sublimitatem
1403 3812 1548 3879 rlrtrrturn3
1562 3814 1685 3885 llagruss
1704 3819 1761 3873 bu-

127 3902 224 3972 signat.
239 3899 419 3969 llortaturque
439 3896 484 3952 die
501 3895 614 3966 quadam
638 3897 773 3954 ionatlsan
798 3899 914 3971 arnrige·
965 3899 1106 3953 militatem
1124 3898 1232 3962 mentis,
1247 3912 1280 3953 ex
1295 3913 1346 3967 qna
1362 3899 1476 3954 rirtutes
1489 3901 1631 3972 prodeant,
1646 3904 1755 3962 indieat.

128 4013 206 4062 rum,
230 4005 258 4051 ut
282 3994 315 4049 ad
336 3993 499 4049 Pisilistlsiim
521 3999 659 4047 transeant
673 3991 835 4057 stationem,
852 4005 913 4045 cum
965 3989 1000 4043 Et
1014 3999 1084 4043 reete
1097 3988 1211 4057 ilagmas
1223 3988 1256 4042 ad
1266 3989 1429 4057 aquilonem,
1445 3989 1536 4045 Gabaa
1548 4006 1565 4045 a
1579 3994 1693 4051 meridia
1707 4010 1758 4068 po·

127 4092 253 4162 rsaaglster
267 4090 379 4160 quisqne
404 4085 539 4158 perlectus
561 4103 576 4142 a
597 4086 701 4142 caelesti
722 4086 811 4142 subito
830 4088 913 4158 gratia
965 4078 1016 4132 sill
1033 4077 1165 4143 retertur,
1188 4079 1248 4146 spuis
1266 4079 1292 4132 io
1310 4076 1410 4148 frigore
1429 4082 1625 4149 tentationum,
1642 4087 1758 4142 marinas

129 4185 276 4247 respectus,
288 4180 321 4233 ad
334 4177 517 4232 devincendos
527 4176 652 4231 vitiorum
664 4177 797 4240 incursus,
810 4176 912 4246 piorum
965 4166 1101 4222 humilitas
1115 4175 1143 4222 0¹
1157 4167 1268 4223 discitur
1288 4178 1315 4224 el
1331 4169 1472 4238 lll⁰ll²llllt
1489 4173 1516 4226 in
1531 4174 1593 4230 luce
1606 4187 1699 4234 autem
1713 4178 1757 4248 lra-

127 4271 273 4342 precordia
286 4269 402 4325 eoncitat
415 4267 579 4337 adjutorum.
964 4258 1051 4312 rantis
1070 4273 1100 4312 se
1119 4259 1213 4328 gratiae
1235 4259 1350 4328 Spiritus
1370 4274 1524 4330 prosperata
1540 4265 1688 4330 perlinitur.
1703 4268 1756 4325 Sed

163 4359 235 4416 Patri
247 4369 331 4417 autern
343 4376 389 4415 aaa
400 4360 446 4413 lrse
458 4360 541 4427 ipram
553 4374 604 4412 nan
615 4358 745 4412 indicauit.
758 4358 910 4413 transitum
965 4349 1025 4420 quia
1040 4352 1166 4421 antiquus
1182 4351 1266 4407 bostis
1280 4362 1308 4407 et
1322 4366 1482 4422 prosperum
1503 4355 1554 4410 iter
1568 4354 1639 4413 datae
1653 4360 1757 4417 virtutis

127 4470 211 4524 nsque
238 4452 271 4508 ad
293 4453 433 4508 stationem
459 4449 618 4505 l’lrllistbiim
646 4450 780 4506 lonatltau
809 4463 912 4521 patrem
966 4441 1112 4511 impedires
1138 4453 1166 4498 et
1193 4442 1369 4498 llllssliliuletn
1400 4444 1518 4513 nnaetitae
1544 4447 1618 4503 inter
1643 4448 1756 4506 adressa

127 4563 203 4601 suum
226 4547 303 4601 simul
322 4557 348 4600 et
363 4543 489 4616 populum
511 4543 583 4614 quod
598 4542 777 4613 disposuisset
801 4546 912 4612 celarit;
966 4536 1071 4591 villulis
1086 4534 1220 4605 magistris
1234 4534 1315 4590 simul
1334 4546 1360 4591 ιι
1375 4536 1513 4605 discipulis
1537 4536 1648 4620 aulerre
1672 4556 1756 4597 corsa·

127 4642 188 4712 quia
211 4640 279 4695 sicul
299 4639 475 4708 spiritualium
490 4639 603 4694 consilio
617 4653 725 4709 semper
747 4639 784 4694 uti
805 4640 914 4709 appiggj.
965 4637 1019 4694 tur,
1034 4640 1106 4682 tecle
1121 4627 1326 4682 ascendentibus
1340 4636 1433 4683 collidit
1455 4627 1618 4685 l'bilistlriim
1640 4631 1755 4689 Julilllill

127 4747 199 4785 mrsns
214 4740 266 4796 ost,
283 4734 317 4786 ita
329 4731 473 4801 aliquando
484 4731 605 4786 carnales
621 4729 758 4795 meditata,
774 4731 816 4786 rel
832 4732 914 4789 etiam
966 4731 993 4777 et
1006 4722 1140 4788 ²l¹¹¹5ll⁰l⁰
1152 4718 1210 4788 ‘llll
1225 4719 1257 4772 ad
1272 4719 1435 4788 alll¹i¹⁰lllll¹¹s
1452 4734 1484 4774 0¹
1496 4721 1612 4777 Mitem>
1625 4721 1752 4794 littam.

126 4822 249 4878 rnelroata
268 4821 394 4876 uirtutum
413 4821 542 4892 maiorum
566 4836 647 4890 opera
666 4821 747 4876 celari
777 4823 913 4889 utileest;
965 4810 1420 4884 etprnminensameridieeontra
1442 4812 1532 4867 cabaa
1555 4815 1687 4884 scopulus
1707 4817 1750 4873 ab·

126 4928 160 4968 ne
175 4911 218 4968 rel
233 4927 327 4967 aarum
342 4911 482 4983 trepidatio
504 4922 625 4967 tenerum
645 4911 751 4978 adbue,
767 4921 797 4967 ut
823 4913 859 4968 ita
870 4913 914 4969 dt.
966 4915 1032 4972 stat;
1045 4916 1171 4972 attamen,
1182 4904 1295 4958 laeiante
1308 4917 1357 4972 pro
1367 4904 1422 4957 suis
1438 4903 1563 4970 bitorino,
1579 4917 1677 4962 crineta
1692 4924 1747 4965 mat

125 5021 204 5070 earn,
220 5012 318 5059 nostrae
336 5005 433 5060 meotis
450 5003 612 5059 desiderium
628 5001 753 5058 terrendo
765 5003 911 5074 relringat,
967 4998 1081 5052 bostium
1100 4995 1236 5051 molimina
1250 5007 1321 5049 saara
1335 4994 1473 5050 deliciunt.
1492 4996 1559 5061 llnia
1586 4999 1658 5055 sient
1672 4999 1746 5057 rerba

126 5095 167 5150 rel
187 5096 267 5151 etiarn
288 5095 338 5164 ipsi
356 5109 404 5149 nos
425 5093 592 5157 aemulando,
611 5109 672 5163 qnae
686 5094 799 5150 necdum
822 5095 916 5150 valent
965 5089 1087 5145 lonatlrae
1102 5102 1154 5142 non
1170 5088 1258 5142 minus
1274 5087 1334 5141 illei
1348 5102 1426 5156 piram
1444 5087 1551 5142 virtutis
1562 5089 1642 5158 plena
1659 5100 1749 5147 testam

126 5187 265 5255 incipiant,
282 5186 323 5241 rel
338 5192 414 5240 certe
428 5183 503 5238 laras
518 5184 675 5254 imperiecte
690 5183 857 5241 laudantium
873 5188 915 5242 iu·
967 5187 1018 5245 lna,
1030 5194 1083 5233 non
1097 5187 1136 5232 est
1152 5177 1265 5233 Domino
1280 5176 1389 5233 dillicile
1403 5177 1518 5243 salvare,
1534 5179 1577 5234 rel
1592 5181 1620 5236 in
1633 5182 1750 5239 multitu·

126 5277 276 5350 tegritatem
304 5275 449 5347 spiritualis
478 5275 560 5330 nostri
588 5276 716 5343 propositi
749 5287 914 5349 corrumpat.
965 5269 1039 5335 dine,
1055 5269 1095 5323 rel
1112 5269 1137 5321 in
1154 5266 1254 5336 paucis.

126 5366 191 5422 liant
207 5369 266 5438 quia
281 5366 345 5421 Saul
360 5367 411 5420 ltoe
425 5365 493 5431 loeo,
518 5374 545 5420 et
566 5364 678 5435 populos
700 5366 745 5434 qui
770 5375 830 5422 erat
853 5382 914 5422 enm
1002 5361 1127 5430 Apparuit
1138 5359 1352 5429 nterpnestutioni
1362 5357 1573 5427 Philistionem,
1589 5373 1646 5420 ete.
1657 5364 1751 5433 Quam.

125 5472 168 5523 eo,
181 5459 293 5514 necdum
306 5456 914 5531 prolectasvirtutibuserprimunl‚sequent-a
966 5453 1006 5508 vis
1028 5450 1162 5506 irridendo
1183 5447 1343 5504 l‘lrilistlriim
1365 5464 1427 5505 sera
1455 5453 1570 5523 nrysdee
1592 5455 1751 5527 loquantum

127 5550 207 5603 rerlra
223 5550 346 5619 pradum,
361 5564 421 5605 curo
436 5549 553 5605 dieitur:
966 5548 1027 5616 naria
1043 5543 1166 5599 videlieet
1188 5540 1293 5597 ttebsaet
1315 5542 1480 5612 spirituales,
1496 5545 1548 5600 lsoe
1569 5556 1613 5605 est
1628 5547 1753 5605 striarum

166 5641 246 5695 llos-ra
259 5643 323 5697 Sana
338 5644 485 5698 narrabatur
497 5645 524 5697 in
538 5653 650 5698 extrema
663 5654 734 5714 parte
749 5644 848 5714 Gaiae,
862 5655 914 5703 esc.
968 5639 1134 5703 transitores,
1155 5635 1181 5689 in
1201 5633 1340 5688 tutissimis
1360 5632 1559 5704 seripturarum
1573 5637 1709 5708 prasium
1721 5638 1754 5696 ab
