3794 6120
126 263 197 324 ituit
376 254 480 312 BEDAE
504 247 731 308 tenebititis
750 245 890 304 OPERUil
914 241 1001 299 tuns
1020 240 1053 297 ΙΙ.
1074 270 1108 281 -
1128 233 1327 295 execuntur
1346 231 1511 291 uenditis.
1693 229 1766 290 1198

126 372 251 429 omnibus
264 368 337 424 boris
354 379 385 421 ac
400 362 544 419 momentis
566 361 682 415 lrumana
697 357 732 413 de
752 364 841 412 mento
856 367 917 424 pro·
932 355 957 416 Α
972 351 1088 418 incatur,
1102 349 1163 422 quia
1175 349 1226 404 dxa
1236 357 1262 404 ct
1274 347 1349 416 nursi
1361 346 1472 416 religata
1485 345 1510 400 in
1522 343 1605 402 eorde
1616 344 1767 403 electorum

127 467 221 533 deunt,
235 471 296 532 apte
312 460 460 530 dgnrantur
474 456 501 510 in
516 454 612 510 comis.
626 449 702 519 Quod
718 457 806 505 utitem
820 446 853 502 de
867 460 917 501 uns
971 444 1057 498 uirtus
1068 441 1226 496 humilitatis
1236 440 1364 495 continua
1375 435 1505 492 Dominici
1518 435 1622 491 cruoris
1635 439 1766 493 momoria

49 590 55 601 ·
127 560 217 614 aniura
228 555 312 611 electa
326 551 437 616 dicitur,
452 548 504 605 boc
518 547 552 602 de
568 554 624 602 tota
640 543 757 601 Ecclesia
773 541 921 612 intelligen-
970 535 1004 588 ad
1019 533 1186 589 tolerantiam
1198 530 1400 586 tribulationum
1416 527 1604 598 temporalium
1618 526 1768 594 animatur,

4 628 65 697 ‘'3²5'‘
126 652 191 707 dum
215 646 334 720 prudens
358 645 444 701 lector
466 640 631 706 meminerit,
656 637 718 706 uuis
742 634 793 691 etsi
817 632 919 689 meritis
970 641 1018 697 per
1033 640 1111 696 quarn
1126 622 1161 680 ad
1175 623 1339 680 consortium
1358 620 1445 690 possit
1459 620 1533 688 regni
1554 618 1700 689 pervenire
1715 619 1769 674 bo-

126 740 216 798 dlflert
237 735 380 794 multitudo
402 733 582 799 credentium,
606 745 687 786 unum
713 738 801 783 tamen
825 741 871 780 tor
893 734 920 780 et
971 715 1070 772 minici.
1086 713 1163 784 Quod
1178 725 1268 770 autem
1286 712 1402 768 diximus
1417 711 1532 765 vinctam
1547 710 1688 766 canalibus
1703 725 1768 782 pnr-

126 832 244 888 snimam
260 828 350 893 babet,
368 828 394 881 in
409 835 537 896 errantum
553 836 604 877 una
620 821 769 889 cadentque
782 816 844 882 ilde,
860 831 918 885 spe,
972 825 1083 879 puram,
1104 809 1141 862 its
1164 821 1243 878 posse
1263 804 1374 873 intelligi
1393 802 1463 873 quod
1483 801 1570 857 laicatu
1586 800 1645 870 jam
1667 803 1771 860 nrurice

127 936 160 978 ac
171 920 314 976 dilectione
330 929 426 972 omnes
441 915 474 970 ad
488 927 604 984 superna
619 910 686 966 atria
701 908 838 963 anbelant.
854 905 920 962 Nar·
972 902 1067 959 idonea
1082 902 1198 968 uellera,
1216 900 1370 970 prinsquam
1386 898 1413 952 in
1431 895 1476 950 lita
1491 894 1671 963 deducantur,
1689 895 1717 950 in
1733 898 1772 950 lo·

127 1022 168 1068 rat
183 1021 274 1067 autem
293 1006 430 1075 Scriptura
450 1003 521 1075 guod
544 1002 616 1057 lilius
638 1002 664 1056 in
686 1007 777 1055 monte
795 995 921 1054 carmelo
971 995 1038 1049 culis
1052 992 1176 1048 distincta
1192 991 1389 1060 custodiuntur,
1402 987 1435 1042 ad
1457 989 1567 1056 liguram
1587 987 1694 1042 altioris
1709 1004 1771 1058 pee-

72 1084 81 1094 ’
127 1103 208 1160 lieris
220 1098 332 1172 genibus
344 1096 479 1164 oraverit,
495 1105 522 1150 et
538 1100 598 1163 post
610 1092 717 1162 longam
739 1089 889 1144 siccitatem
905 1100 920 1140 a
973 1086 1040 1139 tinet
1054 1083 1173 1146 uirtutis,
1187 1083 1250 1151 quia
1263 1080 1367 1136 seilicet
1379 1093 1473 1133 eorum
1490 1076 1620 1146 exprimit
1634 1077 1771 1133 bumilita-

128 1195 244 1251 bomlno
256 1191 359 1262 pluuias
381 1185 573 1256 impetraverit.
588 1182 666 1240 Unde
680 1188 760 1252 caput
771 1191 877 1249 sponsae
892 1184 922 1230 ut
973 1185 1026 1232 tem
1041 1174 1087 1245 uui
1106 1176 1142 1229 ita
1160 1175 1215 1244 jam
1230 1181 1293 1229 sunt
1311 1186 1360 1242 pro
1375 1169 1487 1226 bonnm
1502 1169 1606 1226 crebris
1620 1170 1772 1225 tribulatio-

128 1286 268 1344 Carmelus
292 1293 351 1346 est,
377 1281 439 1351 qnia
466 1278 548 1334 corda
571 1275 719 1332 electorum
745 1278 774 1327 et
796 1269 922 1326 sublimia
973 1267 1052 1324 nibus
1070 1266 1226 1334 exercitati,
1248 1274 1277 1320 ιιι
1290 1270 1396 1319 ιοιιιιοι
1415 1276 1464 1318 eos
1478 1261 1562 1317 nuliis
1575 1261 1771 1318 adversitatum

53 1418 60 1432 .
128 1391 191 1435 stant
205 1394 252 1447 per
265 1374 510 1439 conversationem,
525 1381 552 1426 et
567 1368 682 1426 liomino
696 1367 722 1420 in
737 1380 767 1421 se
781 1376 922 1420 ascensum
974 1353 1503 1429 pressurispossesuperari.diuntcnitn
1515 1354 1661 1422 perlectam
1674 1369 1772 1424 purpu-

128 1473 249 1541 prabent
273 1485 320 1540 per
339 1465 508 1538 quotidianos
528 1464 657 1516 virtutum
680 1455 826 1529 proiectus.
849 1454 922 1510 Elias
974 1443 1671 1515 retineturanrnullounquamsoiemullaaquarum
1681 1458 1771 1514 asper·

78 1555 83 1566 ’
129 1577 245 1632 namque
264 1561 334 1616 Deus
355 1556 484 1613 Dominus
496 1554 607 1619 dicitnr,
622 1549 667 1621 nui
690 1550 716 1604 in
736 1547 781 1603 bis
797 1553 857 1601 orat
873 1543 923 1599 Pa·
973 1539 1050 1596 sione
1063 1540 1219 1611 pallescere,
1230 1536 1508 1606 acsemelaccepturu
1519 1537 1669 1607 perdurare
1683 1540 1772 1594 lucum

130 1664 218 1721 trem,
236 1660 264 1708 et
277 1650 351 1707 reiut
365 1647 503 1703 arentibus
517 1645 589 1698 aruis
603 1642 707 1712 pluuias
721 1638 754 1694 de
771 1638 841 1693 coelo
860 1649 923 1690 ero·
974 1628 1073 1687 solere.
1088 1627 1180 1686 Comus
1195 1629 1276 1700 igitur
1288 1627 1385 1699 eapitis
1399 1641 1518 1696 sponsa,
1533 1639 1564 1682 ιιι
1579 1641 1697 1698 perpura
1712 1637 1773 1683 sunt

129 1753 185 1812 cut,
200 1743 260 1813 quia
276 1745 334 1795 lraec
346 1737 380 1793 ad
394 1735 527 1792 orandum
545 1735 629 1788 licum
644 1727 812 1785 invisibiliter
825 1739 921 1782 aecen-
936 1709 959 1769 Β
972 1719 1044 1790 regis
1061 1719 1151 1775 vincta
1167 1719 1315 1784 ornatibus,
1329 1730 1391 1773 curn
1405 1717 1584 1786 cogitationes
1598 1717 1705 1775 desuda
1720 1717 1774 1774 lien

130 1833 181 1898 dit,
201 1842 230 1887 et
252 1844 299 1900 per
321 1841 415 1883 corum
436 1837 531 1897 preces
545 1835 577 1876 ac
596 1819 692 1875 merita
713 1816 810 1888 sapius
826 1813 924 1870 mundo
974 1810 1101 1868 cordibus
1125 1817 1282 1879 preparata
1300 1808 1383 1865 etlam
1402 1807 1523 1864 existunt
1545 1808 1581 1862 ad
1604 1807 1775 1865 moriendum

132 1919 292 1993 periclitanti
314 1932 361 1973 aua
381 1915 450 1971 dona
471 1911 592 1982 largitur.
613 1909 718 1965 Nomen
741 1919 848 1977 garoque
861 1903 925 1960 Car·
975 1915 1025 1971 pro
1043 1899 1163 1966 Cirriato,
1186 1908 1217 1954 ut
1236 1905 1391 1954 mereantur
1411 1911 1525 1969 regnare
1543 1912 1607 1953 cum
1627 1914 1671 1963 eo,
1692 1914 1775 1970 quast

131 2013 211 2082 meli,
226 2009 296 2080 quod
318 2009 509 2074 interpretatur
527 2000 634 2056 scientis
653 1996 866 2060 circumcisionis,
881 2008 925 2048 cs-
977 1988 1104 2046 videlicet
1123 2001 1269 2060 purpuram
1289 1989 1421 2059 prolatum
1435 2002 1451 2043 e
1463 1988 1603 2044 canalibus
1624 1991 1651 2044 in
1674 1991 1773 2047 summi

131 2105 181 2174 piti
202 2113 308 2170 sponsae
319 2096 369 2163 ,id
388 2104 450 2159 est,
466 2091 549 2147 menti
570 2088 759 2145 ecclesiastice
780 2085 925 2147 convenit,
977 2080 1047 2150 regis
1061 2079 1162 2136 lucium
1174 2087 1317 2148 ornatum,
1331 2091 1393 2134 sum
1407 2077 1468 2133 dats
1483 2081 1624 2134 occasione
1636 2082 1773 2151 patiendi,

132 2209 191 2266 quse
214 2193 283 2248 irene
304 2188 379 2243 norit
402 2199 455 2239 non
478 2198 510 2240 se
533 2185 559 2237 ln
581 2179 696 2246 carnali,
719 2181 768 2234 sed
792 2175 926 2247 spirituali
976 2172 1039 2242 quid
1062 2173 1089 2227 in
1108 2186 1141 2228 eo
1161 2171 1243 2228 corde
1267 2172 1409 2241 gesserint,
1431 2170 1587 2237 ostendunt,
1610 2169 1717 2228 lortitcr
1737 2176 1775 2231 nb

132 2280 338 2342 circumcisione
353 2278 452 2333 debere
470 2272 598 2344 gloriari,
620 2271 655 2327 (le
675 2286 727 2340 qrrn
743 2278 770 2326 et
783 2267 927 2338 Apostolus
979 2264 1092 2336 gloriam
1107 2261 1149 2320 sui
1164 2263 1365 2333 Redemptoris,
1380 2272 1409 2319 et
1422 2262 1534 2318 adversa
1549 2278 1660 2334 quanm
1672 2269 1774 2330 saurir,

133 2376 168 2432 ad
178 2376 287 2432 Galatas
299 2370 383 2425 multa
393 2368 525 2435 disputat,
538 2373 566 2419 et
582 2361 711 2433 propbeta
723 2361 810 2422 docet,
823 2360 925 2424 dicens,
979 2355 1063 2425 ipsam
1078 2370 1201 2426 quoque,
1215 2356 1239 2409 si
1252 2354 1412 2425 contigerit,
1436 2362 1550 2409 mortem
1569 2353 1661 2410 subire
1680 2358 1775 2425 parati.

133 2461 352 2524 circumcidimini
374 2457 495 2521 domino,
511 2465 535 2509 et
552 2455 651 2522 solerte
669 2451 797 2524 preputis
810 2450 928 2503 cordium
978 2447 1055 2516 Quod
1077 2447 1146 2503 bene
1167 2447 1193 2502 in
1216 2446 1326 2501 dotibus
1341 2445 1533 2515 Apostolorum
1550 2445 1636 2515 Lydia
1657 2448 1702 2501 illa
1717 2463 1777 2517 pur·

134 2564 275 2611 aestrorum
290 2549 398 2622 (durem.
413 2552 464 2615 ιι).
484 2545 559 2599 lianc
574 2543 672 2598 trabere
687 2539 827 2596 scientiam
840 2537 928 2594 iudaei
981 2539 1086 2610 poraris
1106 2538 1253 2609 figurabat,
1276 2552 1337 2608 quas
1357 2551 1420 2592 cum
1441 2536 1536 2593 inbuet
1560 2539 1660 2594 timens
1683 2538 1777 2605 tit-aru,

134 2645 331 2707 detrectabant,
345 2653 406 2694 cum
420 2638 454 2692 de
468 2636 526 2691 sola
540 2635 590 2690 sibi
604 2647 666 2703 quse
681 2633 746 2688 loris
759 2638 801 2686 est
813 2631 929 2686 circnm·
982 2633 1066 2701 prims
1079 2644 1141 2687 cum
1155 2630 1237 2685 domo
1250 2643 1298 2684 sua
1309 2627 1473 2700 praedicante
1487 2630 1514 2683 iu
1526 2630 1687 2685 tlacedonia
1698 2630 1778 2686 Panis

135 2737 239 2793 cisione
252 2733 419 2804 plauserant.
436 2727 470 2782 lit
485 2732 626 2795 propterea
652 2731 732 2792 caput
753 2728 782 2775 ιιι
794 2720 926 2776 carnelum
979 2723 1094 2778 credidit
1106 2728 1134 2776 ot
1155 2719 1288 2790 baptisate
1302 2730 1360 2785 est,
1373 2733 1492 2790 eumque
1505 2728 1534 2775 et
1555 2719 1630 2788 prius
1651 2718 1702 2775 sibi
1720 2733 1779 2776 rer·

136 2829 237 2885 babere
260 2821 427 2884 nesciebant,
452 2818 514 2887 quin
538 2823 655 2871 mentem
676 2813 706 2868 in
732 2812 831 2866 inilmis
853 2821 882 2867 et
901 2812 928 2866 in
981 2816 1043 2870 burn
1058 2813 1119 2869 tidei
1135 2811 1335 2882 predicantem,
1350 2821 1379 2866 et
1391 2812 1563 2882 postmodum
1575 2815 1610 2868 ab
1626 2811 1779 2868 infidelibus

136 2917 226 2978 earnis
248 2915 333 2987 gloria
359 2917 515 2980 posuerant.
543 2905 620 2962 Unde
647 2904 743 2959 merito
767 2918 832 2958 narce
856 2901 929 2957 berti
981 2905 1092 2959 verbera
1106 2915 1133 2959 et
1146 2915 1271 2957 carceres
1282 2911 1310 2958 et
1323 2903 1429 2957 vincula
1442 2916 1601 2974 perpessum
1617 2917 1667 2956 suo
1680 2903 1781 2972 recepit

135 3004 345 3081 protomartyris
358 2999 488 3070 Stephani
508 2996 695 3066 obiurgentur,
711 2994 824 3049 dicentis
839 3009 845 3047 :
863 2991 929 3046 Dori
942 3045 967 3106 C
983 2995 1108 3064 bospitio.
1123 2993 1283 3063 designabat
1297 3007 1414 3064 namque
1427 3003 1454 3049 et
1466 3003 1525 3050 arte
1540 3005 1567 3050 ct
1580 2994 1779 3051 credulitatect

137 3100 233 3157 carnee
246 3107 269 3151 et
282 3091 453 3153 incircumcisi
468 3088 586 3143 cordibus
600 3097 622 3140 et
636 3086 753 3151 saribss,
773 3100 817 3138 ros
831 3099 930 3152 sempor
982 3085 1111 3154 obsequio
1133 3097 1182 3139 suo
1207 3083 1356 3139 Ecclesiam
1381 3086 1416 3140 de
1436 3083 1572 3152 gentibus,
1595 3100 1657 3154 que
1680 3086 1779 3141 imbuta

138 3189 249 3262 Spiritui
263 3194 353 3239 arneto
365 3181 482 3236 resistitis
516 3180 585 3250 (Aet.
603 3180 662 3247 ιιι).
679 3175 817 3244 Etcomoe,
834 3175 928 3245 inquit,
982 3177 1154 3232 consessione
1176 3175 1324 3230 bominicae
1350 3175 1497 3245 passionis,
1522 3174 1633 3245 etipsa
1658 3190 1707 3245 pro
1732 3175 1778 3231 bae

138 3280 231 3351 ospitis
249 3277 287 3331 toi
306 3283 334 3329 ut
352 3286 469 3343 purpure
492 3270 559 3340 regis
574 3267 666 3339 juncta
680 3265 824 3320 csnsiibsa.
840 3265 930 3319 Gomac
981 3267 1138 3337 sanguinem
1154 3265 1255 3332 lusura,
1269 3276 1296 3321 et
1308 3266 1446 3337 expulsum
1461 3266 1496 3321 ab
1510 3266 1666 3322 infidelibus
1681 3269 1777 3324 doctri·

138 3371 237 3440 capitis
249 3378 368 3436 sponsae,
383 3371 414 3417 ιιι
425 3359 553 3420 diximus,
568 3357 744 3427 cogitationes
756 3365 820 3410 sunt
833 3355 930 3409 animae
982 3375 1043 3413 nam
1058 3357 1242 3428 apostolorum
1258 3358 1353 3413 intium
1367 3365 1441 3412 esset
1453 3357 1535 3413 corde
1550 3369 1704 3430 receptura.

57 3444 66 3460 ⁸
139 3461 243 3525 tidelis;
266 3467 387 3526 purpura
412 3460 502 3506 autern
535 3450 606 3519 regis
631 3447 777 3503 dominicus
800 3447 931 3516 passionis
1019 3450 1104 3517 Quam
1119 3451 1228 3520 pslclrrs
1245 3465 1284 3516 ea,
1299 3451 1365 3506 etc.l
1381 3448 1471 3520 sopra
1485 3450 1513 3504 in
1529 3451 1779 3523 lsudespousaedi·

139 3551 316 3608 irritationem
331 3544 484 3616 signiticat,
499 3541 542 3597 cui
556 3543 616 3612 jure
627 3555 704 3596 coma
718 3542 812 3610 capitis
826 3555 931 3610 sponse
982 3542 1063 3609 citur,
1080 3539 1196 3596 Pulclrrs
1212 3556 1250 3608 ea,
1265 3541 1350 3595 smics
1369 3556 1437 3607 mes,
1458 3542 1544 3596 assus
1562 3552 1588 3596 et
1607 3542 1700 3598 secors
1717 3545 1778 3600 nest

140 3642 287 3708 conlertur,
303 3642 363 3711 quia
384 3635 474 3693 nmnls
487 3635 633 3691 electorum
648 3630 777 3706 cogitatio
795 3633 856 3689 ildei
871 3648 932 3688 ssu·
981 3633 1142 3699 semmam,
1156 3634 1279 3689 terribilis
1297 3644 1326 3689 st
1341 3644 1483 3690 mnemia
1500 3636 1569 3690 scies
1589 3637 1722 3691 erdraato.
1745 3639 1778 3694 lbi

140 3745 192 3791 ute
203 3728 437 3794 crucismuniter,
451 3724 576 3781 unirersa
594 3722 686 3779 eredis
704 3738 798 3779 eorum
820 3725 933 3779 intentio
985 3741 1050 3797 crgo
1064 3742 1126 3782 cum
1142 3725 1341 3796 pulchritudine
1355 3736 1383 3781 et
1396 3727 1505 3792 decore,
1526 3727 1652 3782 tenutis
1672 3739 1700 3783 at
1717 3731 1778 3784 acics

141 3823 343 3898 adpatiendum
360 3834 415 3892 -pro
435 3817 559 3882 lietuino,
580 3825 608 3872 ut
626 3830 689 3873 sum
711 3815 759 3872 illo
779 3815 933 3872 resuscitari
984 3820 1104 3873 ordinate
1118 3819 1231 3883 dcitur,-
1246 3816 1288 3870 iric
1303 3816 1445 3888 putrtrrct
1459 3817 1554 3873 secere
1568 3819 1597 3873 is
1610 3821 1711 3875 deliciis
1723 3835 1778 3876 ese

141 3927 306 3981 mereantur,
330 3919 454 3983 prompta
477 3908 580 3965 existit.
603 3907 681 3976 Quod
703 3917 794 3964 autem
818 3922 934 3978 purpura
985 3909 1149 3979 perlribetur.
1165 3907 1301 3975 Quantum
1317 3921 1383 3962 sero
1396 3908 1430 3962 sd
1445 3909 1591 3963 bumanaru
1606 3913 1776 3966 eorrsuetodr·

141 4011 236 4068 eadem
249 4007 337 4062 rincru
353 4001 493 4059 canalibus
506 3999 615 4062 dicitur,
633 4000 676 4054 rel
696 4001 731 4054 ita
750 3997 934 4068 accipiundum
985 4015 1065 4066 nem,
1080 3998 1191 4054 diiilcile
1204 4007 1247 4054 est
1268 4013 1348 4052 unam
1365 3997 1542 4068 eamdemque
1558 4014 1704 4070 persumm
1716 4001 1777 4057 etia

141 4098 275 4172 cat'guod
290 4097 378 4152 iocata
395 4093 454 4164 jam
469 4091 585 4155 vellera,
600 4089 756 4161 priusquam
777 4099 885 4156 nentur,
907 4087 935 4144 in
985 4091 1090 4150 deliciis
1109 4093 1208 4148 ducere
1226 4093 1320 4163 vitam,
1342 4101 1371 4149 et
1394 4093 1541 4150 terribilem
1562 4110 1626 4152 essa
1646 4105 1677 4151 m
1699 4097 1777 4152 rm

142 4192 282 4250 canalibus
295 4188 423 4244 distincta
441 4192 594 4246 servemur,
610 4182 651 4246 rel
666 4196 727 4251 qtae
746 4180 829 4237 misso
849 4180 876 4234 in
890 4193 933 4234 ca·
986 4193 1136 4238 castrorum
1149 4182 1311 4250 ordinatam,
1322 4182 1385 4253 quia
1399 4184 1524 4240 nimirum
1533 4184 1641 4243 delicia
1656 4200 1777 4254 menta,

144 4285 249 4342 nulibus
263 4279 392 4350 sanguine
408 4275 531 4342 muricis,
544 4272 605 4328 lana
623 4273 679 4340 ipsa
694 4270 806 4326 lucenda
819 4279 870 4336 est,
885 4270 936 4326 ibi·
986 4288 1066 4344 quam
1080 4272 1224 4340 molliunt,
1239 4273 1343 4331 bellicis
1358 4273 1437 4331 rebus
1452 4275 1594 4333 intendere
1612 4294 1669 4335 non
1681 4281 1776 4335 nitunt.

144 4379 205 4433 dstn
221 4388 268 4444 por
280 4382 370 4442 partes
383 4368 523 4432 distincta,
536 4373 566 4420 et
578 4362 733 4433 singillatim
747 4362 835 4418 tincta
851 4363 936 4433 tinga·
988 4363 1042 4422 Sed
1061 4365 1105 4421 ubi
1120 4365 1272 4436 spirituales
1285 4375 1347 4422 sunt
1360 4366 1479 4434 delieiae,
1495 4365 1522 4424 id
1539 4379 1597 4431 est,
1613 4370 1663 4427 ubi
1680 4371 1779 4428 ωιι..

146 4476 199 4523 ¹¹¹¹·
225 4463 303 4521 'liciti
327 4462 398 4518 cuim
427 4459 501 4515 felli)
524 4458 650 4522 muricis,
679 4455 707 4515 id
732 4465 789 4522 αἱ,
816 4453 935 4511 cooitea
988 4459 1055 4513 rium
1069 4467 1177 4512 aetcrrrse
1190 4456 1341 4514 dulcedinis
1352 4457 1444 4514 lauces
1461 4459 1549 4530 replet
1560 4462 1663 4527 autari,
1681 4463 1717 4518 ibi
1731 4472 1779 4520 η.

145 4556 239 4622 maria,
261 4569 322 4623 nus
341 4561 371 4608 et
392 4549 533 4620 concbglis
556 4561 696 4613 vocamur,
721 4547 852 4618 lacrymas
876 4560 935 4617 pur·
987 4548 1072 4603 ribilis
1086 4549 1115 4602 tit
1127 4546 1251 4604 bostibna
1263 4550 1352 4605 anima
1364 4549 1557 4620 spiritualibus,
1569 4567 1718 4624 eorumque
1731 4557 1778 4612 teta

145 4647 221 4718 purei
246 4643 345 4699 coloris
368 4641 505 4697 emittunt.
539 4638 641 4707 Quibus
671 4638 792 4695 collectis
821 4638 936 4694 tinctura
987 4641 1077 4697 onrnia
1099 4641 1176 4712 guasi
1197 4641 1269 4697 acies
1292 4652 1440 4698 castrorum
1463 4643 1588 4701 ordinata
1611 4647 1705 4712 elidit;
1729 4649 1779 4702 iras

146 4749 279 4809 purpurea
289 4731 441 4790 coniicitur.
453 4729 530 4796 duod
544 4737 688 4799 atrumque
699 4744 782 4785 unum
796 4729 937 4786 eumdem·
988 4746 1042 4803 quo
1057 4730 1178 4788 tenacius
1191 4746 1314 4803 saporem
1329 4734 1441 4790 internae
1459 4733 1592 4792 satietatis
1607 4739 1737 4808 percipit,
1750 4754 1780 4794 ea

145 4843 199 4900 title
211 4837 319 4883 mmm
329 4819 442 4892 m5⁸⁸³&
457 4818 550 4888 gignit.
562 4817 812 4892 Canabsicanales]
825 4819 935 4890 quippe,
990 4822 1135 4877 terribilior
1146 4821 1236 4877 existit
1246 4824 1286 4877 eis
1299 4824 1345 4891 qui
1360 4838 1483 4894 superus
1496 4824 1610 4896 gloriam
1624 4828 1779 4893 dulcedinis,

146 4921 191 4993 qul
208 4930 351 4989 purpuram
371 4913 442 4984 regis
452 4911 616 4980 suscipiunt,
633 4912 778 4980 praecordia
793 4921 856 4968 sunt
869 4911 938 4968 dde-
989 4911 1023 4966 ad
1037 4926 1116 4981 quam
1128 4911 1210 4967 creati
1223 4920 1297 4981 suut,
1309 4913 1486 4970 amaritudine
1497 4916 1626 4983 superba>
1639 4918 1780 4989 tyrannidis

147 5008 336 5073 tirocinium
351 5003 681 5075 lanaautem,quaotrid
696 5003 939 5075 accipiendumco·
990 5003 1109 5060 lunditus
1130 5003 1312 5074 perdiderunt.
1334 5005 1369 5061 Et
1390 5005 1459 5062 bene
1479 5020 1542 5063 eum
1565 5021 1668 5066 sanctas
1689 5012 1779 5066 auitas

148 5106 234 5160 iorem
250 5112 411 5173 purpureum
423 5097 449 5152 in
460 5094 599 5152 canalibus
612 5096 699 5149 rincta
708 5095 833 5163 mittitur,
842 5105 940 5166 utpost
991 5106 1094 5153 amator
1104 5113 1168 5153 suus
1179 5096 1302 5162 dixisset,
1316 5096 1401 5165 Quam
1413 5099 1521 5170 pslsbrs
1534 5117 1572 5169 es,
1586 5118 1665 5174 suast
1678 5104 1780 5158 maeri

149 5196 293 5251 tincturam
312 5193 339 5247 in
354 5195 541 5245 ornamentum
559 5186 630 5254 regis
650 5197 811 5253 assumatur,
828 5188 885 5257 ipsa
900 5202 942 5247 est
992 5194 1018 5249 id
1033 5203 1094 5258 est,
1109 5202 1238 5262 qnantum
1250 5206 1285 5247 ex
1301 5190 1355 5248 ilde
1368 5199 1490 5262 stupere
1505 5196 1645 5263 perlecta,
1660 5201 1779 5253 esuriam

149 5287 308 5349 bumilitas,
339 5281 482 5338 mitissinta
507 5292 540 5333 ac
569 5277 743 5334 blandissima
772 5283 943 5340 conscientie
993 5284 1125 5350 subdidit,
1145 5281 1302 5338 coassumi
1315 5283 1344 5336 in
1356 5282 1464 5338 deliciis.
1478 5280 1616 5342 ῦοιιιιιιίι
1630 5303 1743 5359 namque
1755 5296 1779 5342 st

150 5377 249 5443 tidelis,
262 5387 321 5445 quae
336 5385 384 5443 per
396 5370 534 5442 passiones
545 5379 573 5423 et
586 5382 668 5438 opera
680 5368 791 5438 justitie
805 5370 833 5428 in
847 5377 943 5434 aterm
992 5371 1149 5430 charissima
1162 5373 1198 5429 sit
1217 5372 1332 5428 llomino
1346 5375 1434 5429 aninra
1449 5389 1509 5445 qun
1522 5377 1684 5434 scelestibus
1697 5381 1779 5435 cerni·

150 5468 223 5537 rosis
240 5465 357 5520 trabitum
374 5460 488 5532 bldsstil·
509 5460 717 5530 dictatorerm
737 5461 765 5515 in
779 5460 892 5533 cirino,
909 5465 945 5523 in
996 5475 1038 5521 tur
1057 5479 1154 5521 racare
1174 5464 1294 5531 deliciis,
1317 5465 1380 5534 quia
1403 5464 1530 5522 nimirum
1552 5477 1655 5536 guanto
1677 5469 1778 5541 amplias

150 5562 219 5629 quit,
243 5557 364 5631 baptisati
385 5554 459 5621 estis,
474 5552 605 5608 Christum
626 5552 747 5610 irrisistis
769 5553 870 5627 (Galat.
891 5560 944 5631 ιιι).
996 5569 1072 5612 mens
1086 5569 1152 5626 pura
1165 5554 1254 5610 cibum
1269 5556 1330 5610 nitae
1342 5554 1483 5626 degustat,
1504 5563 1581 5614 unte
1594 5558 1699 5629 majore
1718 5561 1780 5617 illius

153 5646 215 5704 nm
231 5658 319 5705 aurern
340 5647 401 5703 tarra
422 5645 510 5700 vincta
531 5641 683 5714 canalium,
705 5659 842 5718 purpurea
855 5649 947 5709 colors
997 5647 1269 5721 enaritateignascit,
1286 5658 1313 5708 cr
1329 5664 1383 5722 qno
1402 5650 1540 5710 ardentius
1559 5669 1680 5730 superna
1694 5656 1781 5735 adigit,
