3794 6120
125 263 195 324 {12¹1
373 253 473 310 trettAE
495 251 718 308 tuteusttttts
742 250 882 306 0t¹sstttttt
903 248 991 305 PARS
1008 247 1044 303 11.
1067 277 1100 288 -
1121 245 1320 303 EXEGETICA
1342 245 1504 302 adsutus.
1690 244 1763 303 itit

126 374 212 430 instar
234 367 291 424 ariri
315 364 522 435 praefulgidum
547 373 575 417 et
601 362 688 417 media
716 361 755 418 sni
782 363 952 421 cinaritatelt
967 358 1041 422 Sion,
1056 360 1155 427 etipsa
1170 359 1345 423 nobilissima,
1361 359 1471 429 jamque
1484 359 1518 413 de
1533 358 1634 416 floribus
1658 377 1761 420 concn-

125 468 273 523 constrata,
287 454 481 527 propterquod
496 453 590 508 lestina
612 453 732 508 aecttrrit
754 452 910 514 ascendere,
964 451 1100 521 placentia
1110 452 1244 506 terrestris
1256 464 1486 520 egressasumane
1495 449 1627 504 admirata
1639 451 1757 521 diuellat,

125 556 213 611 sciens
226 550 286 621 qnia
309 548 377 604 Deus
392 547 505 601 clrnritas
519 555 608 609 eat,et
630 545 674 614 qui
690 552 772 598 ntanet
791 544 818 596 in
831 543 914 596 altari·
964 537 1033 593 Eum
1055 549 1150 605 autern,
1175 540 1218 608 qui
1238 540 1338 592 modica
1352 553 1427 606 quant
1450 541 1536 607 anprli
1550 541 1699 595 minoratas
1712 552 1760 608 eat,

125 652 187 708 tate,
198 646 225 696 in
236 642 290 695 lieo
301 650 396 704 rueret,
412 645 436 692 et
451 638 519 691 Deua
532 637 559 690 iu
573 652 601 690 ra
614 634 639 707 (i
653 633 735 688 Joau.
750 633 798 704 tt).
811 632 915 701 Quibus
965 630 1079 684 uidemur
1093 631 1181 684 derum
1194 642 1297 701 propter
1309 632 1453 701 passionem
1468 632 1567 700 tttortir,
1578 634 1665 703 pluria
1678 644 1702 689 et
1713 633 1761 691 io-

126 733 218 798 dictis‚
235 732 303 785 miro
316 729 464 784 seducenti
488 727 593 791 ordine,
620 735 678 796 post
692 734 818 781 enarrata
845 723 915 790 regis
966 737 1028 776 aare
1046 733 1194 778 coronatam
1207 723 1301 792 (idcir.
1315 723 1357 794 ιι).

128 824 169 880 atti
184 823 265 887 dona,
288 823 373 890 ipsam
388 833 493 889 quiaque
515 817 634 886 speciem
653 830 692 891 ac·
708 823 830 869 ornatum
856 811 916 883 ejus
1003 809 1035 864 lu
1049 814 1090 866 die
1104 812 1281 879 desponsionis
1295 811 1376 881 illius,
1391 822 1443 868 etc.
1471 812 1499 870 ln
1524 821 1647 883 tempore
1672 816 1760 873 iucar-

127 914 275 982 praedicare
284 912 384 980 incipit,
402 919 566 978 uinctosque
581 907 613 960 ad
627 907 679 961 hoe
690 903 832 960 ridendum
847 903 916 958 inti·
967 903 1085 958 nationis
1100 903 1183 971 iliius,
1206 919 1261 972 qua
1283 904 1316 957 ad
1333 904 1508 970 copulandam
1533 903 1585 962 sibi
1611 907 1760 965 Ecclesiam

128 1012 179 1069 tat,
194 1013 371 1071 etpostnoam
395 1001 452 1068 ipsa
476 1010 569 1053 circata
593 1007 644 1064 ert,
666 1011 763 1051 vocare
787 1006 815 1052 et
836 995 916 1063 alius,
971 993 1095 1058 ntrptnalt
1111 1009 1144 1049 ex
1161 1002 1249 1058 utero.
1273 1003 1397 1062 tanquam
1419 1010 1535 1066 sponsus
1557 1012 1608 1051 suo
1632 1002 1764 1066 processit

128 1101 267 1163 assumpto
282 1091 483 1161 evangelizandi
498 1089 601 1154 alticio.
629 1096 716 1154 curat,
731 1087 795 1143 dum
819 1087 917 1143 subse·
968 1084 1003 1139 de
1018 1083 1150 1151 thalamo,
1164 1101 1224 1154 qna
1238 1096 1297 1140 erat
1318 1087 1375 1141 dics
1390 1087 1490 1142 lactitiae
1505 1088 1597 1144 cordis
1611 1089 1686 1160 eius,
1700 1094 1762 1162 quia

127 1192 244 1256 quenter
255 1184 409 1254 adiungitur
424 1200 433 1236 a
968 1175 1253 1242 tautarurmuudum
1266 1192 1315 1247 per
1326 1177 1557 1247 dispensationem
1569 1180 1696 1251 ejusdem
1706 1199 1763 1247 sna

165 1273 334 1346 Egredimini
348 1273 471 1338 uuidere,
484 1272 545 1337 iiior
557 1271 632 1338 Sion,
646 1286 732 1341 repeat
743 1269 915 1325 Salomonem.
969 1265 1162 1324 incarnationis
1187 1269 1220 1324 ad
1250 1271 1413 1338 aprtitionem
1438 1273 1631 1348 visionemque
1655 1293 1766 1343 aeterna

128 1364 485 1422 Filiaeautemsiooeaedcm
500 1371 633 1430 santanae
647 1360 917 1428 etliliaelerusalem,
969 1357 1191 1414 dirittitatisesse
1213 1360 1423 1429 perducendum.
1448 1362 1515 1420 llinc
1544 1374 1683 1440 estquod
1704 1389 1764 1433 cum

129 1455 218 1522 idest,
237 1456 343 1520 animae,
359 1454 456 1525 gaudia
482 1453 574 1522 petrice
599 1451 718 1506 coelestis
741 1451 918 1519 suspirantes.
973 1448 1081 1516 plurimi
1104 1449 1137 1503 ad
1153 1450 1233 1505 iidem
1249 1451 1308 1520 ejus
1324 1453 1528 1523 conduxerunt,
1554 1444 1687 1529 scripinrn
1704 1474 1764 1521 eac:

128 1545 192 1601 Sion
203 1546 302 1600 etenim
316 1542 430 1615 specula,
443 1544 499 1597 sive
512 1543 669 1612 speculator,
690 1540 840 1596 ierusalem
852 1540 919 1595 dici·
971 1537 1004 1592 in
1014 1539 1062 1593 iiio
1081 1541 1145 1595 irora
1164 1545 1298 1596 earrritaoit
1314 1543 1415 1612 Spiritu
1428 1557 1537 1616 saneto,
1563 1560 1588 1604 et
1609 1552 1685 1618 dixit,
1700 1554 1765 1611 Cart-

130 1642 175 1688 tur
192 1634 341 1701 uisio,pacir
368 1648 378 1684 .·
403 1631 474 1701 qttod
500 1639 642 1699 utrumque
664 1645 773 1694 nomen.
798 1628 918 1697 ejusdem
972 1631 1233 1700 pastoralitate,
1254 1632 1428 1690 Dantiurcarli
1447 1647 1471 1690 et
1490 1647 1580 1704 terrm,
1604 1645 1765 1708 quiaiscarr·

129 1725 244 1780 civitatis
259 1741 383 1792 supernae
398 1723 497 1778 accolis
512 1724 647 1793 cantgratt.
673 1721 717 1776 ubi
742 1729 769 1776 et
792 1734 918 1791 perpetua
934 1707 957 1767 Β
972 1722 1033 1777 disti
1047 1723 1127 1777 itoeca
1143 1724 1299 1794 rapientibus
1313 1736 1336 1779 et
1356 1728 1537 1797 prudentibus,
1560 1743 1587 1785 et
1605 1736 1723 1790 rmeiarti
1736 1754 1765 1792 aa

133 1830 203 1888 pane
218 1818 353 1882 fruuntur,
369 1828 395 1870 et
409 1816 448 1870 soi
462 1815 612 1871 Cotiditorit
626 1829 732 1884 temper
746 1813 840 1869 iaciem
856 1829 921 1870 con·
973 1813 1087 1884 partulit
1108 1811 1184 1884 (luc.
1201 1814 1251 1883 tt).
1277 1814 1344 1870 lline
1368 1818 1424 1885 ipse
1439 1816 1609 1890 Redemptor
1626 1839 1675 1893 per
1688 1840 1766 1881 saum

132 1909 306 1978 templantnr.
324 1907 484 1979 Epredimiui
501 1922 575 1976 ergo,
588 1905 684 1975 inqiut,
706 1906 767 1975 filie
793 1906 869 1972 Sion,
893 1915 921 1963 et
972 1904 1132 1974 sanguinem
1155 1905 1188 1960 ad
1206 1920 1322 1975 superna
1349 1908 1460 1963 reducto
1481 1924 1582 1981 genere
1597 1911 1715 1972 hunuano
1729 1918 1766 1974 lo·

129 2001 210 2054 ridete
220 2015 303 2067 repam
315 1998 490 2054 Salomonem.
518 1997 683 2068 Egredlmiui
707 1997 741 2051 de
768 1996 920 2050 turbulenta
972 1999 1062 2067 quitur
1083 1998 1145 2054 coeli
1169 1999 1283 2065 ciuibus.
1308 2001 1411 2067 dicens,
1438 2001 1659 2072 Conpratainmini
1683 2010 1761 2075 utini,

132 2092 223 2145 mundi
237 2089 453 2158 conversatione,
469 2100 496 2143 nt
507 2104 596 2156 rogem
613 2090 685 2158 pacis
695 2089 918 2153 ualentissimum
972 2092 1034 2161 quia
1048 2093 1130 2145 iuueni
1142 2108 1213 2146 orem
1225 2109 1319 2159 orcam,
1331 2110 1388 2163 qure
1404 2095 1516 2164 perierat
1529 2097 1604 2160 lirae.
1621 2101 1681 2164 ar).
1696 2101 1766 2167 Quia

129 2182 286 2251 egredimini
304 2193 393 2237 ruente
408 2193 435 2236 et
460 2186 565 2237 actione
593 2182 626 2236 de
654 2182 743 2235 metlio
767 2181 919 2253 Babylonis,
975 2196 1041 2251 ergo
1066 2197 1145 2250 snpra
1170 2184 1231 2238 tilia
1259 2184 1408 2240 Jerusalem
1434 2188 1597 2243 admirantes
1615 2192 1764 2248 adrentum

130 2273 175 2342 nm
191 2275 217 2328 in
232 2274 336 2330 eoelesti
351 2273 501 2330 Jerusalem
519 2282 619 2342 partem
637 2273 735 2327 iralrere
748 2272 920 2338 desideratis,
973 2286 1090 2339 sponsae,
1102 2273 1237 2340 dicebant,
1255 2275 1319 2342 Quor
1336 2285 1372 2330 eat
1385 2278 1435 2331 iata
1453 2281 1634 2348 quoeaacendit
1659 2299 1706 2350 per
1719 2284 1765 2338 de-

130 2363 207 2434 iutta
222 2365 285 2418 illud
300 2373 462 2434 pracceptum
478 2364 599 2433 ejusdem
610 2365 665 2417 reri
677 2363 838 2424 Salarnunis.
851 2364 921 2432 qrtod
973 2373 1079 2432 sertum,
1095 2372 1122 2418 et
1137 2375 1251 2428 caetera:
1273 2374 1336 2435 apto
1350 2367 1393 2420 illa
1410 2383 1544 2436 responso
1569 2368 1662 2422 iaudat
1677 2371 1764 2428 lectu·

130 2455 510 2526 aitziiaitedeilinpopulus
533 2472 613 2519 arear,
643 2467 674 2507 rto
703 2453 843 2522 participes
868 2452 922 2506 sitis
976 2455 1407 2527 lum,laudetiercalutnspunsi,
1426 2459 1515 2512 iaudat
1531 2460 1766 2529 tpsnmposueno

134 2547 369 2613 minturnensium
384 2546 496 2600 undeet
511 2545 701 2613 ipscamundi
730 2545 923 2600 nnssacietate
975 2557 1123 2614 sponsam,
1150 2547 1183 2601 ad
1207 2549 1284 2617 cuim
1307 2552 1459 2620 amplerum
1487 2560 1625 2620 properat.
1650 2553 1765 2608 ilentiait

131 2651 281 2698 secernere.
297 2647 377 2707 atque
400 2637 433 2690 ad
448 2638 567 2691 coelestia
582 2638 691 2706 cupiens
705 2637 799 2706 gandia
822 2653 921 2709 provo·
975 2647 1121 2705 assumptae
1136 2653 1184 2706 pro
1206 2652 1236 2693 se
1260 2639 1286 2693 in
1303 2638 1386 2693 Deum
1412 2639 1609 2709 anmantuus,
1635 2658 1715 2712 uttam
1728 2644 1765 2699 ia-

131 2741 203 2792 eare,
220 2737 247 2782 et
260 2736 336 2782 extra
349 2742 440 2780 muros
451 2727 567 2781 ciuitatis
580 2741 626 2793 pro
644 2727 720 2780 nohis
748 2727 801 2796 pati
828 2727 934 2794 uolunt.
976 2735 1063 2784 stante
1076 2741 1261 2798 temporetam
1283 2730 1479 2799 responsionis,
1510 2732 1679 2803 incorrupta·
1699 2734 1764 2803 geni·

131 2822 201 2877 sicut
212 2835 239 2878 et
253 2822 396 2890 Apostolus
406 2822 583 2889 pulcherrime
594 2836 625 2875 ac
638 2820 791 2889 plenissime
802 2821 921 2888 exponit,
975 2818 1049 2874 tricis
1065 2821 1222 2892 mysterium
1235 2822 1385 2888 procrearit
1398 2839 1406 2886 ;
1432 2830 1461 2874 ut
1477 2823 1605 2877 ostendat
1618 2824 1681 2892 jure
1695 2839 1723 2880 se
1735 2824 1764 2879 ad

132 2915 224 2969 dicens
241 2913 348 2978 :lesan
368 2923 396 2968 ut
415 2914 588 2983 sanctificaret
613 2930 658 2984 per
679 2930 753 2966 aaaron
774 2914 923 2982 roupuiurm
976 2912 1076 2969 divinae
1090 2913 1201 2968 visionis
1223 2913 1283 2982 ejus
1297 2914 1410 2983 gloriam
1425 2916 1570 2982 anhelare,
1587 2932 1638 2984 pro
1650 2932 1700 2987 quaa
1714 2920 1764 2989 ipse

133 3006 268 3075 populum,
284 3015 355 3060 extra
369 3013 471 3077 portant
493 3021 584 3072 pas-sua
597 3015 645 3069 est,
657 3020 776 3059 exeatuus
791 3005 870 3075 ipitur
888 3006 923 3058 ud
977 3002 1102 3057 humanae
1131 3002 1249 3058 ltalritnm
1265 3015 1367 3058 naturae
1382 3007 1558 3075 suscepisset.
1576 3007 1654 3065 Unde
1666 3012 1764 3077 metita,

132 3113 189 3150 eum
209 3105 282 3151 extra
297 3103 392 3162 castra,
415 3095 598 3167 improperium
620 3095 676 3164 ejrrs
696 3104 835 3162 portantes.
863 3095 924 3150 Non
953 3089 1036 3163 'qaae
1050 3100 1153 3148 tanturn
1176 3107 1206 3148 se
1221 3094 1261 3148 sui
1279 3093 1472 3164 Redempturis
1496 3096 1627 3154 laudibus
1645 3101 1764 3169 raadtdtr.

70 3215 72 3219 ·
133 3191 201 3245 enim
216 3189 337 3245 iniremus
360 3188 403 3241 iric
418 3198 560 3242 manentem
584 3187 719 3249 ciuitatem.
741 3187 786 3240 red
812 3187 925 3256 laturam
975 3197 1036 3251 quae
1050 3181 1084 3236 ad
1098 3181 1260 3237 laudandum
1276 3183 1358 3239 etiam
1378 3185 1508 3240 cohorrtes
1522 3202 1600 3256 suas,
1618 3191 1689 3246 illias
1701 3192 1765 3249 rida-

133 3280 285 3350 ipquirimm
305 3277 485 3348 (mamm),
502 3277 676 3346 thnoprlnm
695 3278 772 3334 ¹idern
798 3280 925 3336 Dominus
976 3269 1038 3326 licei
1065 3270 1143 3340 Sion,
1165 3271 1315 3328 inleltiione
1328 3277 1442 3330 materni
1463 3276 1765 3349 diffeciils'ittlilai‚iltn

135 3375 228 3422 noster
238 3366 317 3422 lesus
328 3367 462 3432 Christus.
479 3383 531 3421 nuo
556 3368 644 3421 solnm
659 3382 739 3423 term
761 3369 807 3423 ttet
833 3370 924 3436 Filius,
976 3380 1084 3437 quaque
1098 3365 1209 3436 dignam
1224 3367 1309 3421 laudis
1321 3371 1609 3437 recompensationem
1630 3374 1665 3428 ab
1680 3376 1765 3430 eade·

133 3456 272 3510 sedetiam
290 3472 368 3512 tcrus
383 3465 426 3512 cst
440 3456 523 3513 mum
537 3457 652 3511 lmmiuis
675 3458 842 3513 coniciendus
857 3478 863 3512 :
879 3460 924 3514 liei
975 3471 1075 3527 sponso
1086 3471 1135 3513 suo
1146 3472 1178 3512 ae
1192 3456 1371 3528 liedentptore
1385 3460 1504 3530 suscepit
1517 3479 1525 3528 3
1542 3465 1622 3532 auitas
1634 3468 1765 3521 ιιιαιιιδ·

135 3544 241 3616 ιιυῑιΙιιιι
257 3546 339 3601 Filius
356 3548 520 3602 eternaliter
534 3557 597 3600 ante
619 3549 718 3602 sucula
735 3560 828 3610 natura
840 3550 927 3605 lromi-
973 3551 1105 3620 jungitur.

135 3641 178 3693 rtis
194 3654 256 3694 tero
273 3637 365 3703 Filius,
383 3639 408 3692 in
421 3641 471 3693 linc
485 3641 641 3694 sucularum
654 3654 686 3694 et
700 3650 818 3709 tentpore
829 3641 925 3708 iactus,
1278 3640 1391 3698 CAPUT
1415 3641 1460 3696 lV.

134 3741 217 3796 recte.
245 3740 386 3800 postquam
416 3730 517 3783 dietum
543 3740 604 3786 est:
635 3728 735 3797 Videte,
764 3733 827 3800 filiu
850 3732 925 3799 Sion,
1011 3733 1436 3807 lilll.Qaampuicltraes,anrica
1454 3738 1761 3796 mesletePulclrran

133 3834 217 3887 reputt
228 3817 404 3882 Salomonem,
421 3833 483 3873 mox
494 3818 670 3874 subiuiertur.
976 3839 1037 3881 esse
1052 3825 1200 3881 Ecclesiam
1228 3825 1306 3888 dixit,
1333 3825 1472 3894 pulclnam
1488 3829 1602 3898 repetit,
1631 3831 1693 3901 qnia
1706 3833 1762 3887 luae

169 3907 365 3975 ittdiademate,
379 3926 429 3981 qao
445 3911 642 3965 coronariteum
655 3922 802 3968 motcrsaa.
818 3912 928 3970 llaecst
976 3926 1006 3973 et
1030 3918 1135 3974 actione
1162 3928 1189 3975 et
1212 3918 1405 3989 praedicatione
1427 3919 1495 3974 vidit
1518 3935 1583 3977 esse
1603 3923 1760 3982 laudatura.

136 4000 209 4056 enim
219 4011 312 4070 aperte
326 4002 427 4069 dicere,
445 4001 539 4059 llidcte
554 4002 695 4058 itomirmm
707 4004 733 4060 in
750 4004 925 4073 humanitate,
977 4010 1090 4065 Actione
1102 4009 1240 4074 uidelicet,
1258 4024 1309 4078 quta
1323 4014 1357 4063 ad
1371 4024 1401 4064 se
1413 4024 1462 4080 per
1470 4011 1630 4081 desertum.
1644 4017 1710 4071 deut
1720 4013 1760 4070 rir-

134 4091 264 4162 quamde
292 4091 401 4162 Virgine
423 4102 510 4147 matre
532 4105 695 4162 susceptam,
726 4096 752 4150 in
778 4097 926 4165 majestatis
977 4099 1037 4169 gula
1064 4098 1129 4153 iuml
1152 4113 1187 4153 er
1211 4099 1376 4154 aromatibus
1398 4100 1550 4168 ascendit;
1582 4105 1760 4174 predicatione

134 4191 253 4251 paternae
275 4182 387 4237 dcatcra
400 4182 552 4238 collocarit.
576 4183 660 4240 liater
680 4186 834 4255 quippesnn
853 4188 926 4243 illum
977 4202 1082 4259 antem,
1103 4206 1154 4262 qna
1175 4190 1208 4245 ad
1226 4205 1306 4246 suarm
1331 4192 1497 4246 consortium
1527 4195 1614 4251 etiarn
1641 4200 1759 4267 penti-tt

133 4271 287 4327 diademate
296 4273 446 4339 coronarit,
456 4274 563 4344 quotide
572 4273 647 4329 beata
656 4277 927 4340 etintemeratavirpc
977 4300 1040 4342 suas
1055 4284 1201 4341 ascendere
1222 4285 1328 4354 satagit,
1354 4285 1466 4338 dicens:
1493 4282 1675 4360 Epredirrtitrt}
1698 4290 1758 4345 etti¹

133 4360 167 4417 de
179 4360 278 4431 Spiritu
304 4371 397 4417 satrcto
430 4364 596 4432 concipiens,
625 4366 763 4420 materiam
790 4368 862 4422 illam
886 4369 1044 4460 lilinum,
1060 4379 1211 4449 filloesion,
1236 4396 1320 4449 repent
1336 4380 1513 4435 Salomonem.
1543 4383 1579 4438 Et
1596 4395 1674 4441 recte
1691 4387 1757 4456 print

133 4463 311 4507 sacrosanctae
320 4451 498 4507 carnisdesua
507 4455 716 4524 carnepraelmit,
725 4457 751 4510 in
763 4472 813 4525 apua
825 4459 924 4513 mando
978 4475 1094 4537 pepone,
1107 4475 1276 4541 mummium
1290 4472 1490 4542 praedicatione,
1513 4472 1594 4545 juxta
1613 4482 1756 4548 exemplam.

132 4553 275 4607 apparens,
291 4541 450 4596 ctlralritans
466 4543 491 4596 in
505 4543 591 4605 trabis.
609 4559 720 4614 regnum
743 4547 839 4602 mortis
866 4564 924 4602 mo·
977 4564 1101 4620 „fidetium
1117 4564 1211 4634 ipsius,
1226 4563 1464 4633 dequoscriptnm
1479 4576 1536 4632 ρει,
1561 4565 1755 4641 mepp.

133 4631 226 4683 riendu
241 4630 401 4697 destrueret,
417 4646 448 4686 ac
467 4634 547 4687 ritant
559 4634 636 4688 uoltis
657 4635 819 4707 resurgendo
849 4653 925 4708 repa·
976 4671 1020 4711 ,m
1033 4659 1151 4725 sacerna
1165 4654 1254 4708 alpem
1268 4653 1337 4723 (dat.
1349 4651 1381 4725 t).

134 4733 216 4792 ”¹⁶¹2
225 4738 357 4794 ll⁰²¹¹¹i¹¹⁰
367 4724 399 4781 Μ
414 4729 495 4782 “⁸¹⁰⁵
507 4727 687 4793 Μΰθῑῑῧθῑῑάθι
697 4730 781 4799 Βῖθῐῑῧ
798 4745 845 4800 per
846 4731 924 4787 ⁰⁰⁰5ss
1014 4744 1089 4800 Oculi
1101 4743 1137 4798 tui
1149 4743 1334 4810 aelamitarum,
1350 4752 1404 4798 ete.
1418 4743 1525 4800 Settstts
1540 4746 1585 4802 tui
1598 4747 1751 4820 spiritualia

134 4820 210 4888 regni
230 4816 395 4873 suattnurat.
418 4818 545 4874 videntes
568 4834 631 4889 ergo
658 4821 720 4876 iuliae
744 4822 808 4878 Sion
832 4839 923 4894 regern
976 4845 1040 4890 ,nna
1067 4848 1156 4890 rerum
1181 4832 1409 4902 eoirtemplatiune
1431 4837 1608 4895 excellentes
1636 4855 1669 4897 ac
1692 4853 1750 4894 rare
1804 4870 1807 4875 ·

134 4907 306 4964 Salomonem
320 4908 346 4963 in
361 4908 458 4965 decore
481 4910 606 4975 naturali,
621 4912 702 4967 etiam
719 4913 855 4979 diadema,
872 4931 925 4984 quo
978 4924 1069 4990 fanni,
1089 4922 1188 4995 qutun.
1199 4936 1259 4979 nea
1274 4939 1381 4993 (puppup
1399 4923 1472 4979 dona
1486 4964 1496 4994 ‚
1510 4943 1578 4996 qn„
1592 4942 1747 5001 puppup

134 5000 271 5055 decurtavit
284 5014 346 5056 eum
361 5014 447 5057 mater
457 5016 515 5066 sna,
528 5012 665 5072 stupentes
674 5004 850 5068 admirantur.
864 5009 925 5077 qnia
976 5015 1073 5080 puisun
1097 5032 1185 5072 meum
1199 5014 1334 5082 diadema,
1359 5016 1430 5085 quud
1444 5018 1621 5087 praedtmp,
1644 5023 1746 5077 „tems

134 5090 359 5156 ridelicctelccti,
377 5092 440 5146 dttttt
466 5093 578 5160 glorium
607 5092 664 5148 Filii
691 5094 739 5149 liei
761 5099 926 5166 coaequalem
976 5120 1140 5177 cognoscere
1165 5106 1294 5161 meruisti.
1320 5104 1386 5172 Quia
1400 5105 1488 5174 enirn¹
1514 5111 1744 5183 pinsitamm-

136 5183 206 5237 l‘atri
220 5198 252 5238 ae
271 5183 381 5251 Spiritui
405 5191 497 5236 sancto
511 5184 636 5251 credunt,
651 5196 678 5239 et
701 5185 864 5240 cuniucutur
878 5189 926 5241 lut·
978 5201 1195 5270 ,palpavimns
1218 5200 1333 5270 Spiritus
1346 5208 1456 5253 sanctas
1480 5201 1507 5256 in
1523 5204 1663 5261 eotrrmaae
1680 5206 1745 5273 sperit

134 5290 221 5329 manas
240 5290 344 5345 qrrorpne
358 5275 570 5342 assurrrptionem
586 5286 699 5341 naturae,
718 5277 745 5330 in
771 5293 821 5346 quta
843 5278 927 5348 impe·
978 5295 1110 5364 apparui„
1137 5293 1351 5349 m25120110m5m
1364 5292 1436 5348 sup„
1462 5294 1624 5364 spitum
1636 5293 1742 5369 ψῃ.

135 5367 203 5422 ιίιιιιι
219 5370 314 5422 mmtis
324 5366 469 5436 superarit.
483 5367 508 5421 in
524 5375 654 5423 arternum
681 5368 855 5424 clarificatam
866 5386 932 5452 essa
977 5391 1084 5456 giratur,

133 5469 311 5528 captonnacum,
327 5475 379 5513 uam
394 5473 449 5512 suas
465 5459 592 5513 uidelicet
614 5460 732 5529 potentia
757 5462 925 5528 substantiae.
1012 5479 1112 5548 Absque
1124 5495 1154 5533 ea
1167 5479 1237 5549 qaod
1251 5481 1403 5534 intramus
1417 5479 1494 5533 taran
1525 5484 1641 5554 Apum
1651 5470 1745 5537 {ursatii

135 5548 183 5599 sed
209 5551 363 5615 operatione
378 5549 540 5603 assumentis
557 5562 615 5602 cam
632 5547 722 5617 ilarii,
739 5549 790 5606 itae
813 5560 854 5606 cst
866 5551 926 5610 Filii
978 5571 1004 5624 ᾗ,
1021 5570 1173 5626 effluentum
1188 5570 1370 5634 retributione,
1398 5584 1464 5639 quta
1483 5587 1499 5624 a
1516 5575 1591 5630 teia
1607 5574 1744 5642 tacitast*

137 5639 205 5693 urrici
221 5640 285 5708 ltoi;
311 5641 387 5711 cuijus
401 5639 532 5696 visionem
560 5640 719 5699 diadematis
744 5660 795 5702 una
810 5645 925 5704 duarum
977 5663 1100 5734 gramme
1112 5663 1225 5720 neopum
1239 5662 1309 5718 ηιμ
1323 5661 1419 5720 piperi,
1434 5661 1502 5723 [ιω
1515 5667 1597 5726 005„
1611 5665 1743 5735 „imppp
