3794 6120
130 317 180 374 dii
542 309 588 366 tte
608 306 863 368 Tttucttctnctlto
884 309 927 367 ET
947 309 1046 366 VASts
1068 308 1162 366 etus.
1185 338 1219 351 -·
1239 309 1303 365 titt.
1326 308 1370 365 lii.
1718 307 1771 365 idi

125 428 280 491 devincere,
295 422 417 481 deindea
433 423 580 480 Conditore
596 438 645 479 suo
659 438 720 479 cum
733 423 920 494 compunctio·
936 443 954 492 ,q
971 422 1070 475 etenim
1088 422 1204 476 tirnenda
1219 429 1260 476 est
1273 421 1370 475 auriono*
1385 418 1541 486 spiritualis,
1562 427 1589 472 et
1614 427 1730 483 eterna,
1748 421 1772 475 si

127 538 160 577 ne
175 521 355 591 ’acrynrarom
375 516 486 586 supplex
503 517 656 585 impetrare,
672 524 702 570 ut
725 530 774 586 pre
796 515 919 586 ingressu
970 510 1031 581 quis
1046 511 1078 566 ad
1091 511 1266 566 ministerium
1283 511 1374 565 altaris
1387 511 1490 566 eiectos
1502 509 1649 578 thymiama
1667 510 1770 563 oratio·

127 611 201 680 regni
222 608 317 665 dnlcra
340 607 453 663 trrodere
475 608 553 661 iletos
576 608 673 676 possit,
688 607 734 676 qui
758 621 806 677 pro
821 607 918 661 timore
972 620 1034 658 omn
1052 604 1106 660 lieo
1120 605 1233 660 reddere
1248 605 1368 674 negligit.
1383 603 1455 658 llors
1470 602 1586 658 timenda
1600 611 1653 664 est,
1669 602 1691 656 si
1709 603 1771 671 qnis

131 716 271 773 penarum
300 699 406 769 pridem
438 696 567 752 londelrat
595 713 712 754 amaros.
738 698 807 765 Quid
831 708 920 752 antem
971 694 1004 749 acl
1027 706 1196 750 sacrosancta
1212 695 1338 767 mysterio
1361 695 1463 766 absque
1490 693 1600 760 speciali
1627 691 1767 746 ablutione

129 795 212 863 basis,
227 793 255 848 io
272 807 324 862 qua
346 791 418 847 idem
437 791 540 845 labrum
564 800 621 847 erat
645 791 809 861 impositum,
834 792 922 862 aptius
972 788 1185 855 compunctionis
1211 789 1321 855 intrare,
1343 796 1370 843 et
1394 795 1487 841 sancta
1511 784 1619 842 Domini
1642 800 1769 842 centonu-

127 901 203 955 qosm
220 885 307 954 ipsum
324 882 487 938 desiderium
503 883 577 952 regni
594 892 621 936 et
643 881 703 937 rito
718 882 836 938 emlestis
849 881 922 938 acci-
973 876 1304 934 nibosmontoostraonre
1317 878 1466 946 praesrrmit.
1479 876 1582 932 Larem
1595 891 1660 947 ergo
1672 890 1770 932 coortus

128 974 233 1047 pistori
245 973 323 1042 cuins
337 971 462 1027 nimirum
478 986 558 1027 causa
581 981 653 1026 tanta
668 971 706 1037 it,
721 982 749 1026 ut
765 970 875 1042 perlecti
891 986 923 1028 ae
973 983 1076 1025 suasae
1091 969 1172 1037 pedes
1182 970 1280 1036 ioaqoa
1293 969 1358 1026 labri
1370 972 1483 1035 aeoei,ct
1494 969 1532 1024 sie
1547 967 1581 1023 ad
1594 969 1680 1022 aitrre
1690 983 1769 1023 acce·

127 1065 223 1124 summi
234 1065 284 1119 riri
300 1063 457 1134 quotidiano
470 1077 499 1118 se
512 1063 690 1134 laerymarum
711 1062 783 1119 iente
799 1062 922 1131 diluant;
974 1060 1047 1114 darrt.
1071 1061 1186 1116 llblrmnt
1199 1075 1264 1132 ergo
1283 1061 1410 1133 lacrymis
1434 1069 1510 1116 actos
1533 1071 1561 1116 et
1585 1060 1719 1125 incessus,
1735 1074 1767 1116 ae

128 1167 153 1213 ct
175 1154 248 1227 quod
273 1156 389 1209 necdum
406 1155 523 1223 periente
545 1153 660 1208 ridendo
682 1152 772 1208 taient
793 1152 921 1223 gaudium
975 1150 1073 1207 deinde
1088 1152 1227 1208 manased
1243 1151 1536 1222 contingendacirristi
1562 1151 1689 1222 mysteria
1708 1167 1771 1222 pro·

128 1248 241 1303 iocerne
260 1245 371 1316 quietis,
392 1246 487 1300 saltem
509 1243 669 1311 suspirando
690 1243 841 1312 degustent.
856 1243 923 1298 Nam
977 1242 1073 1308 terrim,
1095 1242 1246 1313 pedumque
1266 1258 1375 1314 gressus
1398 1247 1424 1300 in
1448 1245 1514 1299 atria
1533 1243 1636 1298 Domini
1657 1254 1768 1314 ponant.

126 1339 185 1409 quia
217 1340 270 1392 lroc
301 1337 433 1401 lauacro,
467 1334 538 1406 qnod
571 1334 641 1389 inter
673 1334 871 1389 tabernaculum
898 1344 926 1390 et
975 1333 1052 1400 Quod
1073 1350 1149 1403 mque
1165 1346 1327 1407 praeceptum
1349 1351 1409 1391 reor
1428 1335 1469 1389 iris
1489 1335 1535 1405 qui
1549 1336 1706 1391 eorumdem
1722 1349 1767 1391 sa·
1799 1335 1807 1375 t

126 1431 210 1486 altare
234 1430 352 1500 positum
377 1436 429 1494 est,
446 1425 637 1498 perlectorum,
657 1425 783 1497 iacrymre
812 1424 926 1495 figuren-
976 1433 1174 1482 crementorum
1196 1427 1367 1497 perceptione
1389 1425 1536 1483 mundandi
1559 1435 1632 1494 sunt,
1656 1435 1686 1481 ut
1706 1439 1769 1481 carc·-
1803 1378 1809 1455 i

126 1530 179 1588 tor,
196 1527 332 1577 testantur
358 1518 414 1589 ipsa
435 1517 518 1573 rerba
542 1516 638 1587 qoilms
660 1514 779 1572 dicitur:
796 1516 827 1570 Et
846 1515 925 1567 uitiosa
978 1516 1045 1571 tiore
1064 1531 1127 1571 cora
1142 1518 1225 1586 prius,
1242 1526 1318 1574 actus
1332 1532 1396 1573 suos
1410 1518 1596 1588 cogitatusque
1610 1517 1768 1584 discutiant,

125 1626 193 1683 aqna
218 1610 345 1666 lavabunt
360 1607 387 1664 io
402 1623 434 1664 ca
449 1610 538 1666 Aaron
561 1618 588 1664 et
603 1607 651 1662 ilii
672 1609 730 1677 ejus
754 1621 849 1661 manos
864 1619 926 1660 suras
978 1607 1135 1672 eventilent,
1153 1617 1276 1677 purgent,
1289 1623 1321 1664 ae
1340 1607 1380 1664 sic
1399 1607 1432 1662 ad
1456 1607 1638 1677 participanda
1651 1607 1712 1663 iidei
1727 1623 1772 1661 sa·

123 1718 155 1758 ae
181 1702 279 1773 pedes.
308 1701 400 1770 Neque
427 1700 499 1756 enim
528 1698 669 1769 quisquam
708 1698 743 1753 de
776 1697 853 1768 plebe
890 1696 926 1753 toi
979 1705 1115 1751 eramenta
1145 1697 1302 1766 procedant,
1329 1710 1363 1752 ne
1395 1695 1489 1751 audire
1517 1703 1673 1752 mereantur
1703 1696 1768 1750 iliud

124 1793 223 1856 lavari:
238 1790 287 1847 sed
313 1793 370 1860 ipse
385 1788 506 1859 pontifex
521 1792 613 1857 jussus
631 1799 714 1845 estet
730 1788 776 1844 lllii
799 1788 866 1857 ejus,
885 1787 919 1841 ui·
936 1786 1092 1858 BApostoii
1109 1806 1117 1844 s
1133 1790 1282 1861 Quicunque
1295 1791 1363 1846 enim
1379 1792 1516 1846 manducet
1537 1800 1561 1844 et
1574 1789 1636 1844 iiiii
1651 1788 1768 1860 indique,

124 1882 227 1939 detinet
238 1883 392 1937 sacerdotes
408 1881 506 1952 gradus
519 1879 665 1943 inferioris,
678 1881 747 1950 quod
765 1893 920 1948 niagnorum
968 1880 1099 1952 judiciem
1112 1880 1159 1935 sili
1173 1882 1315 1935 ntendrcot
1327 1892 1352 1936 et
1367 1881 1440 1950 titfr,
1453 1897 1504 1936 nen
1515 1880 1664 1951 dijudicans
1678 1895 1771 1948 corpas

127 1975 261 2040 rirorom,
286 1974 355 2028 sieut
380 1970 523 2042 perfectior
547 1973 611 2037 rita,
637 1971 677 2027 slc
700 1979 727 2027 et
750 1969 923 2039 compunctio
975 1966 1079 2023 donnini
1093 1967 1121 2041 (l
1136 1968 1197 2024 Gor.
1215 1969 1268 2040 rt),·
1286 1970 1311 2025 id
1332 1980 1385 2040 est,
1402 1985 1568 2042 nequaquam
1584 1970 1701 2025 etoiiom
1715 1969 1770 2025 riri

124 2067 197 2124 solet
220 2080 283 2122 csse
305 2064 457 2118 soldimior.
472 2063 531 2118 tlon
547 2073 636 2119 autem
661 2065 712 2118 troc
735 2061 771 2118 ita
795 2060 923 2128 dicimus,
975 2064 1050 2132 panis
1065 2076 1080 2116 a
1097 2063 1277 2119 communium
1300 2077 1423 2119 escarum
1438 2064 1541 2119 uilitate
1562 2071 1641 2117 cauta
1654 2071 1682 2117 et
1696 2061 1772 2117 solli·

126 2158 205 2229 quasi
219 2157 270 2213 soli
287 2157 381 2212 altaris
394 2157 510 2212 ministri
531 2156 681 2226 hrrjrrsrnodi
697 2153 921 2227 compunctionis,
974 2155 1027 2209 cita
1043 2163 1085 2210 cst
1098 2165 1188 2210 mente
1207 2169 1362 2211 secernens.
1381 2154 1445 2211 llaec
1458 2153 1493 2211 de
1515 2154 1590 2208 laltro
1614 2162 1641 2209 et
1662 2154 1770 2208 introitu

127 2249 174 2307 rel
194 2249 300 2321 possint
316 2247 427 2316 trabere,
443 2249 483 2304 rel
504 2248 620 2304 debeant
635 2249 779 2314 virtutem;
795 2247 842 2303 sed
863 2260 926 2301 tne-
975 2245 1009 2300 ad
1022 2245 1106 2299 altore
1123 2255 1235 2316 pos-unt
1257 2246 1338 2301 etium
1364 2246 1416 2301 lrrre
1441 2245 1521 2300 modo
1544 2245 1658 2299 rnottmo
1674 2244 1772 2299 utiliter

128 2355 223 2397 meres
239 2340 371 2396 sermonis
384 2338 456 2394 beati
472 2339 543 2394 l‘etri
557 2338 683 2408 apostoli,
695 2339 739 2410 qui
753 2353 806 2409 quo
822 2334 925 2392 eornm
975 2335 1076 2404 accipi;
1102 2338 1225 2404 quamvis
1253 2336 1438 2406 principaliter
1467 2335 1531 2391 illud
1556 2335 1640 2389 altare
1667 2334 1770 2389 interna

128 2434 254 2490 lidelilrus
271 2432 394 2502 loquens,
409 2431 444 2488 de
465 2430 586 2502 angulari
603 2428 702 2499 lapide,
719 2429 764 2497 qui
787 2436 829 2483 cst
842 2426 926 2482 Clari·
976 2429 1127 2484 orationum
1157 2430 1335 2499 spiritualium
1374 2440 1435 2484 rota
1476 2428 1619 2501 signilleet.
1653 2428 1771 2498 Diligen-

126 2539 200 2594 sros,
215 2525 252 2580 ait
267 2543 273 2578 z
288 2523 321 2578 Er
336 2525 385 2596 ipsi
398 2535 522 2593 tanquam
546 2523 644 2593 topices
662 2521 722 2586 oioi,
735 2519 927 2593 superedipce·
977 2522 1029 2575 tios
1045 2536 1108 2576 roro
1122 2522 1277 2578 intuendam
1303 2531 1344 2578 est
1360 2521 1432 2592 quod
1459 2522 1487 2578 in
1513 2518 1686 2577 cunclusione
1708 2519 1772 2574 soli-

125 2615 195 2670 arrirri
207 2616 296 2670 donans
310 2614 467 2686 spirituoics,
490 2613 662 2668 sacerdotium
673 2620 802 2676 sanctum,
817 2610 929 2678 op'crett·
975 2614 1098 2687 jrrtrgitnr
1113 2636 1119 2673 :
1764 2658 1765 2662 ,

127 2716 170 2760 tes
183 2705 328 2776 spiritualer
339 2705 436 2760 nostias
451 2702 477 2775 (l
490 2702 562 2760 Pctr.
578 2704 619 2774 n).
636 2702 669 2758 lit
682 2703 753 2774 quod
768 2702 886 2757 loannes
900 2700 928 2756 io
1013 2703 1168 2777 Legitimum
1192 2708 1373 2776 aerrrpitcrnum
1396 2709 1444 2763 erit
1469 2709 1530 2778 ipsi,
1558 2715 1612 2761 ete.
1629 2704 1684 2760 Etsi
1700 2703 1772 2759 enim

128 2795 292 2866 nnoestypsi
310 2793 435 2860 :sterne
452 2792 548 2863 inquit,
563 2802 586 2847 er
600 2801 714 2858 renerus,
726 2793 771 2862 cui
783 2791 858 2846 teter
870 2806 928 2862 oar·
979 2797 1093 2863 tatnnm,
1119 2799 1177 2853 stre
1195 2800 1290 2863 strare,
1306 2798 1376 2868 qood
1405 2799 1467 2853 teon
1482 2798 1588 2868 ttoysos
1601 2794 1733 2859 astaron,
1747 2795 1771 2848 n

127 2885 422 2941 ’Μ”ῑῐῑωῒῐθΰῑῖθηθ
437 2885 578 2954 prenomine
595 2884 636 2938 Μ*
653 2883 767 2938 ‘mitid
787 2898 856 2936 ’ΜΗ
875 2897 928 2936 ¹¹⁰⁸
978 2890 1156 2948 sacerdotium
1187 2893 1257 2962 qnod
1281 2891 1419 2946 constituit
1446 2903 1519 2946 noro
1533 2888 1660 2944 Ecclesiae
1674 2903 1771 2942 socer·

128 2977 208 3033 noter
227 2988 387 3050 potestatem,
405 2980 450 3033 ted
470 2989 543 3033 erunt
563 2978 708 3033 matidies
720 2975 770 3032 Dei
784 2986 809 3031 θ’
831 2975 928 3031 (liridi
980 2984 1224 3040 (lotiurnmntatum
1233 2994 1285 3051 est,
1297 2985 1672 3053 ottritornoosscorpiremom
1681 2989 1773 3036 manet

129 3072 228 3151 tnsoe.
252 3070 309 3141 ss).
321 3071 508 3127 Admonemus
521 3084 616 3126 omrres
631 3067 725 3125 lideles
748 3067 861 3141 mystico
886 3082 929 3122 sa·
980 3072 1126 3144 legitimum
1142 3075 1252 3142 lauacri,
1268 3084 1296 3130 et
1308 3074 1411 3130 incensi
1436 3071 1583 3143 spiritualis
1598 3072 1626 3126 in
1639 3069 1691 3124 rita
1706 3068 1773 3124 lide·

126 3164 271 3220 cerdotum
283 3164 616 3235 nominecenseri,utpote
627 3161 745 3219 membra
753 3157 851 3217 Clrristi
859 3131 965 3217 tidec
981 3168 1059 3235 tiom;
1081 3169 1150 3239 qnod
1167 3185 1215 3239 per
1240 3169 1387 3241 thymiama
1412 3168 1484 3224 illios
1497 3167 1600 3232 alzaris,
1621 3177 1774 3234 aquamque

131 3256 203 3312 licet
213 3257 593 3326 manutenementum
603 3256 928 3327 etiamieatosapostolua
978 3257 1051 3315 illios
1067 3258 1134 3314 lalni
1158 3260 1247 3330 typice
1260 3259 1392 3329 signatum
1408 3267 1469 3324 est;
1484 3257 1553 3311 sieut
1570 3263 1599 3310 et
1619 3252 1770 3324 plorantia,

134 3344 248 3414 Paulus,
267 3348 329 3418 quid
345 3348 513 3404 victimarum
534 3347 632 3406 offerre
655 3349 783 3416 debeant,
797 3349 926 3417 ostendit,
978 3367 1038 3422 quae
1053 3353 1095 3408 lex
1108 3352 1166 3407 ieri
1188 3353 1277 3422 jussit,
1293 3351 1350 3407 sire
1366 3359 1496 3422 perpetuo
1518 3347 1621 3419 agenda
1644 3346 1685 3401 uel
1699 3347 1773 3402 cele·

129 3441 248 3497 dicens:
263 3440 374 3498 Oiucro
396 3444 574 3512 confratres,
588 3458 634 3512 per
649 3443 852 3499 misericordiam
868 3444 926 3511 Dei,
979 3443 1080 3499 oranda
1104 3442 1238 3513 predixit,
1252 3443 1283 3497 ad
1305 3442 1421 3498 litteram
1436 3441 1544 3512 quidem
1559 3437 1695 3494 oosernari
1711 3450 1771 3490 ces·

131 3544 161 3586 art
175 3533 315 3589 exilientis
324 3545 522 3607 corporooestra
536 3535 643 3590 nostiam
653 3537 786 3605 uirentem,
799 3545 926 3604 mactem,
978 3545 1086 3601 sarum,
1103 3536 1150 3590 sed
1164 3536 1237 3604 juata
1250 3533 1577 3605 typicamintelligentiam
1592 3528 1773 3602 spiritualiter

136 3621 194 3678 Deo
205 3624 346 3696 placentem
359 3625 447 3695 (llam
465 3625 524 3694 stt).
540 3625 599 3681 ttoo
614 3640 677 3695 ergo
695 3626 782 3682 solum
798 3625 928 3682 ministris
978 3629 1114 3682 observari
1131 3643 1145 3681 a
1160 3627 1261 3682 sanctis
1276 3641 1411 3697 nonquam
1422 3626 1576 3691 cessabunt,
1591 3632 1704 3679 testante
1726 3618 1771 3674 dio

133 3717 205 3771 sacri
219 3714 422 3784 altaris,eedet
436 3717 560 3773 omnibus
574 3715 700 3787 perlectis
723 3717 748 3773 in
768 3731 928 3789 quocunque
978 3716 1023 3785 qui
1054 3731 1107 3770 noo
1141 3719 1215 3770 venit
1250 3716 1356 3771 solvere
1381 3715 1479 3786 legem,
1514 3715 1561 3768 sed
1591 3711 1738 3778 adimplere
1764 3726 1772 3767 ε

131 3805 217 3874 gradu
231 3806 326 3878 positis
341 3807 393 3862 ltoc
408 3808 542 3863 lavacrum
557 3809 646 3878 posuit
660 3808 781 3879 Moyses,
797 3808 858 3880 qnia
880 3810 924 3864 lex
980 3812 1048 3880 Quia
1066 3813 1119 3865 iota
1134 3827 1213 3864 unum
1233 3819 1277 3863 ortt
1291 3825 1359 3864 ursus
1373 3822 1440 3876 opes
1453 3822 1504 3860 non
1516 3805 1653 3875 preteribit
1673 3820 1688 3856 n
1704 3803 1771 3872 iege,

133 3896 183 3952 liei
198 3897 361 3968 generaliter
374 3899 480 3956 eunctis
504 3898 630 3956 ildelibus
651 3900 764 3973 gratiam
780 3900 926 3957 salutifere
978 3907 1060 3958 dorrec
1073 3904 1158 3958 etnttt'a
1171 3903 1235 3972 pent
1258 3901 1365 3973 (Marri.
1385 3898 1424 3970 r).
1438 3899 1504 3954 Nam
1519 3908 1547 3954 et
1561 3907 1653 3953 nostra
1665 3896 1773 3951 lumili·

129 3988 347 4057 compunctionis
360 3989 525 4058 predicavit.
541 3991 618 4059 Quod
632 3993 655 4047 si
670 3993 696 4048 io
711 4007 825 4062 persona
836 3994 926 4048 Aaron
979 4008 1020 4053 tas
1042 3997 1075 4052 ad
1104 3997 1167 4052 illud
1190 4010 1283 4052 semen
1304 3993 1433 4065 pertinet,
1458 3993 1493 4046 de.
1506 4004 1560 4059 qne
1586 3991 1687 4045 dictum
1704 3996 1770 4043 cst:

129 4080 221 4150 ipsum
249 4095 375 4152 magnum
410 4082 565 4150 pontilicem
593 4083 736 4140 Dominum
758 4084 925 4142 saltatorem
978 4091 1045 4160 Quia
1073 4089 1220 4160 legitimum
1244 4086 1438 4156 sempiternum
1463 4085 1515 4141 erit
1540 4083 1602 4152 ipsi,
1636 4092 1662 4136 et
1673 4079 1771 4136 semini

130 4173 260 4242 accipere
279 4174 415 4243 volumus,
438 4186 543 4232 constat
567 4178 648 4234 etiam
674 4193 736 4236 eum
761 4181 840 4251 trojus
860 4197 928 4253 aqua
978 4185 1036 4252 e,'us
1052 4197 1099 4252 per
1109 4180 1310 4242 successiones,
1325 4191 1378 4232 oon
1398 4175 1506 4246 quidem
1527 4174 1562 4230 de
1575 4174 1665 4228 aaron
1688 4172 1773 4239 stirpe

130 4263 218 4330 labri,
242 4264 396 4336 prinsquam
411 4268 445 4322 ad
467 4269 705 4327 nitareoblaturus
721 4273 843 4344 intraret,
867 4289 929 4334 esse
979 4275 1125 4341 irascendo,
1152 4273 1201 4330 sed
1228 4272 1363 4328 credendo
1390 4271 1416 4324 in
1441 4284 1515 4334 eom,
1543 4267 1569 4322 in
1585 4280 1663 4335 quem
1679 4261 1771 4319 Aaron

126 4358 234 4424 lotum3
249 4358 310 4430 quia
335 4360 488 4431 priusquam
517 4363 663 4436 thymiama
688 4367 731 4421 sui
758 4373 924 4426 sacrosancti
979 4385 1040 4427 cum
1056 4368 1158 4423 sanctis
1185 4367 1244 4436 ejus
1258 4365 1308 4421 acti
1331 4363 1462 4428 credidit;
1478 4361 1512 4416 de
1526 4374 1579 4428 quo
1608 4357 1771 4427 promissum

125 4449 258 4518 corporis
278 4461 388 4533 propter
410 4451 524 4509 salutem
548 4465 668 4511 nostram
689 4457 716 4513 in
737 4457 816 4514 altari
837 4462 924 4517 crucis
942 4472 1024 4550 nest
1042 4460 1168 4524 Aurariae,
1184 4460 1252 4526 Quia
1263 4458 1291 4512 in
1313 4455 1408 4511 senrinc
1420 4464 1465 4509 tuo
1490 4451 1669 4506 benedicentur
1688 4461 1775 4501 ornnes

125 4541 302 4609 incenderet,
320 4558 368 4612 pro
383 4557 475 4601 nostro
494 4559 588 4602 amore
602 4550 683 4604 ctiam
704 4550 836 4622 lacrymas
849 4551 927 4619 ludit,
982 4556 1089 4625 tnrrritioe
1099 4565 1173 4608 terre
1189 4550 1267 4622 (Gen.
1282 4548 1359 4620 aar).
1377 4549 1496 4616 Quarum
1513 4543 1676 4600 interitionem
1693 4539 1772 4595 ianui-

125 4632 207 4703 qood
222 4633 251 4689 in
268 4636 476 4692 resuscitatione
497 4636 591 4694 Lazari
604 4640 780 4698 celeberrime
802 4643 929 4703 innotuit.
983 4651 1078 4706 tisrmn
1096 4649 1196 4704 taciens
1212 4647 1304 4702 Esaias
1326 4645 1364 4699 sis
1382 4662 1388 4696 :
1406 4643 1503 4698 donnes
1524 4642 1568 4710 qni
1584 4639 1695 4694 uiderint
1721 4650 1775 4699 cos,

123 4728 209 4784 uene
220 4736 311 4784 autem
325 4729 456 4786 additur:
981 4749 1203 4810 cognoscentem:
1218 4737 1280 4808 quic
1293 4736 1336 4792 isti
1344 4745 1404 4791 sunt
1414 4750 1499 4790 acmen
1513 4733 1554 4787 cni
1574 4729 1703 4786 benedicit
1720 4725 1774 4780 lis·

169 4819 208 4875 (lt
229 4819 341 4888 effuant
364 4824 392 4879 in
416 4839 447 4880 co
468 4824 610 4898 tlrpmirrmtr
633 4826 755 4898 Domino,
780 4838 834 4887 etc.
859 4830 931 4888 iiors
981 4828 1234 4901 ednasllsoimml.
