3794 6120
109 270 179 328 roos
390 267 421 327 m
440 268 588 326 esuries
613 246 833 328 cinnamonum
855 267 1074 327 nosocomos
1096 267 1285 326 ernostum.
1306 297 1338 310 -
1360 269 1424 325 uro.
1446 268 1466 323 ι.
1674 269 1746 325 nno

104 385 231 445 moabitidi
246 383 324 441 atrati
340 383 499 442 derivantur
523 384 555 440 ad
580 384 766 454 adaquandum
789 399 897 455 preqcm
913 385 939 446 A
954 381 1052 450 aliquid
1076 380 1178 445 dicam,
1194 382 1256 452 quia
1279 396 1332 437 non
1355 380 1388 436 ad
1408 380 1504 437 laclcm
1529 382 1631 451 pupuli,
1647 387 1693 440 sod
1715 389 1742 442 iu

105 477 161 535 sibi
177 476 365 542 consmissuor,
382 488 431 545 per
443 474 533 531 tontes
543 484 729 545 competenter
742 477 901 545 exprimun-
955 482 1062 527 secreto
1075 471 1323 539 conscissionem
1334 480 1413 540 teste,
1425 471 1559 543 poenitult.
1571 471 1682 529 Veniam
1697 491 1745 532 au·

107 575 166 626 tur.
182 566 228 622 luti
242 580 311 621 vero
324 575 440 631 orontes,
455 566 520 636 qnid
534 575 598 621 sunt
611 565 661 622 nisi
675 575 781 623 eatcrrs
797 575 899 639 marty·
956 570 1009 617 tenu
1025 576 1058 617 er
1073 562 1124 618 boc
1145 573 1306 620 consecutus
1320 573 1373 628 est,
1386 566 1447 633 quia
1461 580 1521 619 cum
1545 565 1648 622 solutus
1672 577 1746 624 essct

106 677 178 726 mm,
193 676 262 733 ppo,
275 677 353 717 21⁰0,-
368 659 454 716 „neq
469 660 588 732 quppq,
600 677 615 716 ῃ
629 663 683 719 ppo
698 659 901 731 pmpqpqmn,
955 666 1107 723 scurpore,
1129 653 1263 725 sepultum
1279 670 1339 710 eum
1363 654 1433 710 iuter
1454 670 1568 725 corpora
1592 671 1684 726 regum
1697 659 1744 728 qni

108 752 181 825 quod
205 767 256 808 nec
280 753 371 818 mina,
396 766 447 808 nec
471 752 561 809 cuculi
585 752 789 819 bloodimcuta,
813 768 902 825 osque
954 745 1011 805 beo
1034 748 1192 818 placuerunt
1217 748 1355 820 Scriptura
1381 761 1575 807 commemorat
1591 771 1596 806 :
1611 754 1681 824 quod
1704 763 1745 810 ta·

109 852 303 901 tormentorum
316 844 452 900 acerbitas
462 845 605 914 exquisita.
622 859 671 901 uec
684 846 764 900 etiam
780 844 898 902 iuceusae
956 854 1018 896 men
1040 840 1103 895 tlibi
1130 843 1316 910 peccatoribus
1339 843 1447 913 regibus
1475 842 1634 915 abnegatum
1659 847 1743 905 luisse

108 936 215 994 laminae
229 932 294 990 lerri
308 934 401 990 intima
417 934 550 991 uiscerum
573 937 694 992 rlsuaotis
713 937 901 1006 exsuperanti
955 930 1160 1000 cognoscimus,
1185 933 1230 1002 qul
1255 948 1339 1004 usque
1362 934 1396 989 ad
1423 944 1535 991 mortem
1558 936 1584 993 in
1606 924 1743 1010 proposita

106 1025 170 1084 lude
181 1025 276 1094 maid,
293 1024 326 1081 lu
338 1027 435 1099 populu
452 1028 524 1099 prum
537 1025 649 1085 laudabo
669 1038 693 1083 te
705 1027 792 1102 (Psoi.
804 1044 898 1095 arara,
955 1024 1133 1093 peruersitate
1157 1033 1330 1090 manserunt;
1355 1033 1384 1080 et
1407 1024 1467 1082 ideo
1490 1027 1551 1097 quia
1574 1027 1642 1084 iuter
1654 1030 1743 1099 jarstos

109 1117 165 1192 ιιι).
953 1129 1033 1184 repes
1046 1115 1154 1185 sepeliri
1178 1116 1286 1183 meruit,
1299 1115 1431 1173 alienusa
1446 1118 1522 1175 uenia
1547 1133 1598 1176 aon
1622 1119 1679 1186 luit,
1696 1136 1743 1179 re·

336 1223 371 1265 ue
389 1224 526 1265 assonam
545 1225 677 1266 rueretur.
954 1209 1025 1264 triam
1040 1220 1130 1267 autem
1152 1211 1236 1283 ipsam
1258 1213 1318 1270 sine
1341 1213 1497 1284 punitentia
1510 1231 1564 1271 noo
1580 1218 1666 1288 potuit
1680 1235 1741 1290 pru·

143 1301 284 1366 Salomon,
298 1299 339 1355 uir
351 1308 434 1356 talita:
446 1300 595 1370 sapientias,
610 1299 792 1371 nunquidnam
807 1299 899 1357 credi·
952 1302 1061 1359 mereri.

110 1391 165 1449 bile
177 1400 218 1449 est
232 1391 307 1447 illnua
323 1393 352 1447 in
367 1391 574 1447 simulacrorum
585 1392 656 1447 cultu
668 1392 766 1464 aliquid
777 1392 899 1451 utilitatis
991 1392 1072 1451 biom
1087 1393 1148 1452 libri
1163 1394 1337 1453 Hebraeorum
1354 1395 1524 1455 Salomonem
1535 1397 1675 1469 quinquies
1689 1409 1745 1456 tra·

108 1483 278 1542 credidisset
288 1483 358 1540 Nou.
371 1481 425 1541 Sed
437 1483 579 1539 mulierum
589 1483 674 1538 amori
689 1483 722 1538 ad
735 1482 785 1538 boc
799 1483 900 1539 malum
954 1494 1027 1542 etum
1044 1486 1126 1543 luisse
1150 1501 1198 1559 per
1213 1488 1314 1559 plateas
1327 1487 1486 1556 Jerusalem,
1503 1503 1582 1545 causa
1610 1490 1744 1562 preniten-

110 1573 227 1632 trabeoti
250 1574 381 1632 resistes
406 1588 461 1630 non
474 1574 567 1640 naluit,
583 1572 684 1630 taciens
708 1573 780 1645 quod
798 1574 901 1631 sciebat
955 1579 1009 1637 tie.
1028 1579 1093 1634 item
1107 1579 1182 1636 alunt
1201 1596 1261 1637 eum
1276 1583 1381 1639 uenisse
1401 1582 1427 1639 iu
1448 1584 1587 1656 templum,
1601 1585 1671 1655 quod
1688 1585 1746 1654 ipse

110 1682 165 1723 noa
179 1681 240 1723 esse
255 1665 419 1737 laciendum,
434 1681 469 1724 ne
482 1682 555 1738 suas,
571 1667 668 1739 quibos
685 1668 835 1739 deperibat,
849 1669 900 1728 de·
960 1671 1151 1738 clitumnus,
1166 1689 1227 1729 corn
1240 1675 1362 1746 quiaque
1373 1677 1467 1747 uirgis,
1478 1675 1513 1733 dc
1525 1677 1619 1746 quibus
1629 1687 1745 1747 quatuor

110 1757 187 1815 licias
200 1759 382 1815 contristaret.
916 1748 940 1808 Β
958 1763 1026 1833 lepis
1041 1763 1144 1833 peritis,
1157 1773 1186 1818 ιιι
1199 1764 1386 1821 verberaretur
1402 1766 1436 1820 ab
1452 1765 1505 1821 illis
1519 1782 1526 1818 ι
1542 1767 1585 1836 qui
1609 1770 1745 1822 conimuul

144 1849 274 1917 Quarruris
289 1857 429 1919 peccasset
441 1847 579 1918 Salomon,
598 1858 687 1906 tamen
700 1849 754 1921 epit
768 1851 902 1921 pmuiteu·
956 1852 1082 1909 dixerunt
1095 1853 1209 1910 corrsilio
1222 1855 1293 1925 quod
1316 1854 1343 1910 in
1366 1854 1496 1911 christum
1516 1855 1621 1911 boutlul
1636 1871 1745 1914 manuos

109 1939 187 2009 dam,
208 1941 330 1997 scribens
353 1939 510 2007 Proverbia,
525 1940 663 2012 inquibus
683 1941 903 2000 studiosissime
957 1962 1011 2002 nou
1024 1947 1161 2003 mitterent
1178 1965 1184 2002 τ
1203 1947 1275 2004 unde
1289 1947 1433 2005 frustratus
1449 1947 1484 2003 ab
1498 1947 1564 2017 illis,
1584 1962 1599 2001 a
1620 1962 1650 2004 se
1664 1947 1747 2020 depo-

107 2046 156 2106 epu
165 2033 206 2106 eqi
215 2031 398 2104 penitentiam,
409 2041 433 2086 et
442 2031 541 2100 respect
548 2032 590 2086 nbi
598 2033 716 2106 elipeum
726 2033 901 2105 disciplinam.
955 2036 1023 2094 sitos
1037 2046 1079 2092 est
1092 2052 1107 2091 a
1119 2051 1213 2108 regno.

148 2125 275 2182 Salomon
299 2124 345 2181 ille
369 2122 568 2193 linteolisque
591 2126 689 2182 meruit
710 2124 841 2182 assistrici
859 2142 902 2184 ra·
992 2130 1134 2201 Quoniam,
1157 2130 1253 2203 inquit,
1271 2130 1428 2204 eleplrantos
1443 2131 1519 2188 uides
1539 2131 1586 2187 tibi
1612 2131 1746 2198 subditos.

109 2215 216 2286 pieuriae
240 2214 287 2271 llei
312 2214 444 2284 copulari,
469 2215 496 2269 in
518 2214 728 2287 alienigenarum
754 2217 897 2274 mulierum
955 2233 983 2278 et
995 2223 1089 2279 leones
1104 2238 1166 2280 esse
1177 2223 1324 2294 sublectos.
1341 2239 1473 2295 coguosce
1485 2224 1744 2296 teipsumobomo.

109 2307 223 2362 incurrit
236 2305 374 2376 ampiexus
385 2311 436 2372 ;<et
457 2305 484 2363 in
511 2306 615 2362 nirrculo
638 2307 756 2364 libidinis
772 2307 899 2380 iliaquea·
954 2312 1032 2380 Quod
1045 2329 1109 2382 ocu,
1124 2322 1153 2369 ul
1167 2313 1266 2380 lerunt,
1279 2313 1410 2385 Apollinis
1420 2314 1520 2388 Pytbii,
1532 2314 1580 2371 sed
1595 2314 1747 2373 Salomonis

110 2409 163 2465 tus,
178 2398 309 2469 sacrilegii
323 2412 417 2454 errore
439 2413 468 2454 se
489 2399 594 2469 polluit,
608 2413 668 2455 cum
684 2399 802 2457 Clramos
825 2398 899 2457 idolo
955 2404 1041 2460 macti
1054 2413 1107 2472 est,
1121 2405 1167 2475 qoi
1188 2404 1227 2460 ait
1242 2422 1248 2458 :
1265 2403 1325 2460 llisi
1345 2403 1412 2461 mins
1432 2413 1457 2460 te
1476 2405 1590 2475 {omnum
1609 2404 1635 2460 in
1654 2404 1748 2460 matie·

112 2488 287 2544 lloabitarum
301 2487 472 2544 simulacrum
488 2489 640 2546 fabricarit.
653 2488 705 2547 Sed
721 2491 783 2560 quta
805 2499 898 2561 postea
954 2494 1036 2550 ribus.

111 2594 160 2650 per
173 2581 331 2650 propostam
345 2580 451 2650 culpam
475 2581 593 2651 maurit,
620 2578 740 2650 nunquid
758 2579 899 2636 medicine
993 2583 1049 2642 ileo
1064 2584 1222 2642 mirabimur
1238 2587 1264 2642 io
1280 2587 1503 2658 parteoontraria
1527 2587 1747 2658 pessimosreqea

109 2674 230 2730 custosne
244 2673 361 2730 ertorris
377 2672 445 2729 iuitt
460 2674 500 2729 bn
513 2673 627 2729 lorsitan
644 2688 780 2745 uunquam
795 2689 856 2730 cum
872 2673 900 2731 in
958 2678 985 2733 in
1002 2686 1067 2749 typo
1082 2677 1318 2746 prevaricatorem
1334 2678 1488 2749 procedere
1511 2679 1670 2749 principum.
1683 2691 1745 2734 enm

107 2764 219 2821 Caunum
243 2765 302 2836 lego
327 2765 494 2835 penituisse,
523 2780 613 2837 neque
643 2766 750 2822 reniam
770 2779 900 2822 coursecu·
955 2767 1074 2839 optimos
1088 2780 1176 2838 repes,
1193 2766 1330 2834 basidem,
1346 2776 1374 2823 et
1396 2767 1578 2833 Salomonem,
1593 2776 1620 2822 ct
1633 2765 1746 2833 tristam,

109 2867 166 2913 tuot
188 2857 288 2917 luisset
303 2859 372 2916 bodi
395 2857 579 2931 poeruiteutiam
594 2859 664 2928 ejus,
679 2873 740 2929 quae
764 2873 817 2913 non
832 2855 901 2914 scri·
957 2868 985 2913 et
1002 2857 1168 2927 patriarchas
1181 2872 1213 2914 ae
1226 2857 1381 2928 propbetas,
1394 2859 1420 2916 iu
1433 2859 1514 2931 ligura
1530 2858 1638 2915 bomini
1651 2858 1746 2915 Salva-

108 2948 182 3006 bitur
208 2949 324 3021 publicis
349 2949 463 3022 legibus.
493 2949 619 3007 Fortasse
647 2949 709 3007 idco
735 2948 903 3021 acceptabile
918 2939 942 3005 C
960 2948 1025 3004 toris
1039 2949 1210 3018 processisse
1223 2948 1377 3004 doceamus.

1431 3134 1742 3157 m

283 3299 381 3443 ΙΝ
427 3291 863 3443 CANTICA
907 3291 1577 3446 CANTICORUM

516 3577 929 3687 anonumum
967 3580 1336 3691 expostulo.

807 3773 1043 3790 m

705 3867 884 3949 bluott
911 3867 1119 3946 PRIMUS.

632 4020 675 4074 ou
690 4019 807 4073 uoluta
823 4020 888 4086 ool,
906 4019 1033 4072 roaros
1048 4016 1220 4071 sosianus.

810 4152 1048 4168 *ιιι-..-

145 4237 316 4308 seriptum,
334 4232 445 4306 jurante
465 4231 551 4304 pratia
575 4247 711 4303 superna,
738 4232 765 4289 in
788 4233 898 4290 Cantica
951 4236 1043 4305 gratiae
1057 4240 1282 4303 propugnatorem
1304 4227 1479 4300 Augustinom
1494 4229 1630 4295 insanivit,
1653 4237 1745 4288 osten·

108 4331 292 4396 Caoticorum,
307 4326 394 4396 primo
406 4323 603 4381 admouendum
616 4327 704 4397 putari
717 4325 855 4395 lectorem,
871 4335 899 4382 ιι
914 4327 1027 4424 odunt.
1044 4323 1125 4395 Cujus
1135 4335 1215 4378 rausa
1229 4319 1322 4387 duelli,
1334 4322 1447 4389 primum
1461 4319 1497 4376 de
1507 4321 1607 4376 Amore
1622 4321 1743 4377 libellum

109 4421 236 4492 opuscula
256 4418 356 4476 loliani
370 4416 526 4473 Celaueosis
550 4416 666 4487 episcopi
687 4415 721 4473 de
734 4415 897 4485 Campania,
953 4417 1118 4486 composuit,
1139 4415 1191 4471 sub
1212 4415 1342 4483 obtentu,
1367 4414 1442 4483 quasi
1463 4413 1533 4470 lsrrnc
1556 4429 1570 4469 a
1598 4414 1742 4471 loedisslma

109 4528 170 4570 oum
181 4511 209 4567 in
219 4509 341 4567 eurardum
355 4509 451 4564 librum
466 4505 591 4572 coniecit,
603 4507 756 4563 cautissime
767 4507 846 4577 legat,
864 4520 899 4564 nc
953 4508 1022 4563 toret
1040 4507 1174 4577 uoluptate
1188 4511 1351 4569 secreturus,
1367 4517 1397 4558 re
1411 4513 1499 4557 antem
1511 4517 1573 4558 uera
1588 4518 1662 4559 suam
1676 4519 1742 4558 cors·

110 4616 160 4674 per
172 4601 277 4671 copiam
289 4598 450 4671 eloquentie
464 4598 635 4666 blandientis,
646 4600 672 4655 ia
683 4597 786 4655 tuream
800 4598 900 4654 incidat
951 4599 1106 4654 llrrnaturuu
1120 4596 1255 4661 irreresim,
1267 4608 1331 4663 qna,
1348 4600 1377 4647 nt
1391 4593 1506 4647 breuiter
1520 4592 1594 4663 plura
1609 4595 1744 4649 constrin-

109 4693 237 4751 doctriua
252 4692 382 4748 nocentis.
398 4690 460 4754 Sed,
476 4699 504 4746 ut
527 4689 580 4746 diei
594 4689 671 4756 solet,
696 4690 733 4745 ita
746 4698 838 4760 carpat
851 4689 900 4747 bo-
951 4705 1024 4761 paor,
1035 4690 1113 4747 docet
1126 4705 1173 4745 nos
1189 4704 1236 4758 per
1247 4688 1386 4744 arbitrium
1398 4687 1489 4743 liberas
1502 4686 1649 4743 volnoutis
1664 4701 1744 4757 posce

109 4792 193 4852 trum,
215 4791 246 4837 nt
267 4791 295 4838 et
313 4782 416 4852 apinam
439 4788 542 4845 careat,
567 4779 593 4835 id
617 4789 673 4845 est,
688 4778 715 4834 in
738 4778 818 4835 dictis
840 4779 900 4850 ejus
953 4784 1021 4840 boun
1044 4780 1133 4838 lacere
1156 4796 1216 4851 qun
1239 4780 1373 4848 nolumus,
1396 4776 1517 4848 quamuis
1541 4791 1590 4847 per
1614 4777 1743 4832 auritium

109 4885 192 4928 sanos
214 4885 310 4928 sensus
324 4879 457 4927 scrutetur
471 4880 499 4925 et
517 4870 606 4940 eligat,
622 4879 651 4925 ut
665 4886 717 4926 uon
732 4872 821 4928 minus
834 4870 900 4930 mea
951 4873 1044 4944 pratia
1058 4871 1105 4929 liei
1120 4871 1223 4927 lucilius
1237 4885 1268 4927 ea
1293 4869 1421 4940 perlicere
1441 4881 1570 4939 queamus
1587 4867 1743 4936 :quomoda

110 4965 234 5030 insanum
251 4963 293 5020 rel
309 4964 396 5034 ptius
407 4963 469 5017 illud
484 4963 563 5017 lactat
578 4962 703 5029 baronis,
953 4965 1056 5020 uiantes
1082 4964 1144 5030 iter,
1165 4972 1192 5018 et
1210 4961 1321 5033 podibus
1335 4960 1443 5032 quidem
1468 4970 1592 5028 peragere
1611 4957 1742 5024 ualemus,

188 5075 234 5188 θυι
246 5073 330 5138 iegltls
340 5075 423 5147 dores,
437 5085 462 5126 et
474 5075 539 5148 Ιιιιιιιι
550 5075 672 5124 nascentia
687 5072 766 5144 trapa,
952 5054 999 5110 Μ
1018 5054 1130 5123 minoto,
1145 5053 1245 5122 ‘absque
1266 5052 1358 5122 eumn,
1372 5051 1473 5155 labore,
1486 5063 1546 5105 cum
1571 5047 1648 5102 nobis
1669 5049 1744 5153 equi,

209 5136 901 5201 lllfflfflsttllffltbflttleltllc·¹⁸²⁸i²¹¹tt¹¹¹⁸¹¹¹¹¹⁸lb³i
952 5146 1047 5219 quibus
1078 5148 1223 5215 rebamur,
1247 5143 1391 5209 aduenam
1421 5152 1562 5197 immernor
1586 5141 1742 5208 apostolico

109 5228 164 5284 ¹¹⁰⁶
173 5237 227 5298 ur,
249 5228 285 5284 ει
309 5228 368 5298 erus
390 5242 421 5282 ει
440 5225 719 5294 promuntunum
737 5236 900 5297 usurpem,
952 5240 1151 5307 aomanorum,
1164 5254 1215 5310 qus
1230 5239 1295 5293 oron
1310 5236 1743 5291 :conquiramusque

109 5336 174 5377 curn
196 5319 293 5374 babeat
315 5333 363 5374 eos
377 5319 421 5389 qui
435 5317 559 5373 eorodem
575 5317 671 5374 librum
685 5328 713 5374 et
727 5319 801 5374 sanis
816 5321 902 5375 sensi·
953 5333 1059 5386 „1qu
1085 5328 1234 5399 operamini,
1263 5326 1331 5380 oses
1353 5335 1389 5378 ar
1411 5324 1489 5390 enim,
1514 5321 1558 5390 qai
1578 5327 1698 5390 operatur
1716 5320 1746 5375 br

109 5411 161 5465 bus
175 5419 201 5464 et
215 5408 421 5478 simplicioribus
439 5408 528 5462 neritis
542 5417 733 5476 exposuerunt.
760 5409 808 5465 list
830 5411 901 5465 enirn
953 5421 1026 5474 rioms
1038 5430 1061 5474 pq
1075 5415 1306 5487 ‚2212ququ
1320 5412 1346 5485 (1
1362 5411 1421 5466 cm,
1434 5412 1476 5479 ῃ),
1491 5409 1533 5478 Er,
1549 5408 1619 5478 quoq
1630 5416 1672 5462 ess
1683 5421 1746 5476 m.

109 5502 217 5566 borao,
242 5511 272 5557 ot
297 5504 388 5558 rbetor
422 5501 624 5573 peritissimus,
659 5503 695 5557 ita
729 5504 823 5572 pratia
856 5503 902 5559 [lei
954 5509 1022 5575 rios,
1036 5504 1204 5577 impuqriator
1218 5504 1276 5574 ejm
1290 5503 1399 5572 quinon
1414 5501 1471 5557 ait:
1487 5499 1551 5555 Sine
1565 5516 1603 5554 me
1616 5498 1745 5553 modicum

109 5602 173 5666 post
196 5592 341 5665 telaqiom,
365 5594 534 5666 impugnator
555 5595 713 5661 acerrimus,
735 5607 763 5650 nt
785 5598 903 5666 apertius
953 5599 1015 5669 quid
1031 5597 1133 5664 potastis
1145 5612 1154 5659 ς
1168 5595 1227 5658 sed,
1245 5593 1370 5657 Sincere,
1386 5592 1480 5663 inquit,
1496 5591 1562 5644 nibil
1583 5591 1687 5662 potestis
1704 5593 1745 5657 se·

109 5690 209 5760 scripta
223 5689 292 5759 cirus,
313 5689 409 5757 qutom
433 5699 525 5745 contra
548 5689 760 5748 strenuissimum
784 5690 902 5761 ejrrsdem
953 5704 1008 5745 rere
1023 5684 1112 5759 (loom
1133 5689 1190 5757 rr).
1206 5673 1288 5741 bonet
1301 5685 1391 5741 clausa
1406 5681 1471 5753 lupo
1483 5691 1650 5739 sacramenta
1671 5680 1744 5737 sulcu

252 5781 388 5844 l‘canoa.
406 5779 485 5843 bct.
1474 5771 1514 5835 di
