3794 6120
127 296 186 358 tto

402 291 437 349 ΙΝ
456 289 643 348 sattbttdtt
664 290 869 346 robl‘ttutltl
893 287 1111 344 atteootttct
1132 286 1312 344 exrttsttlo
1325 287 1391 344 bttt.
1411 320 1445 331 ·-
1462 289 1504 346 tt.

1717 292 1770 348 ttt

125 421 233 481 {simiel
267 412 420 471 habendum
445 408 571 474 ostentui,
595 407 717 461 manibus
754 405 962 475 suspendisses
979 401 1131 457 ludtcorutu
1148 416 1263 470 superno
1280 401 1410 470 reliquero
1422 402 1532 470 judicio,
1556 414 1584 458 ut
1606 405 1663 459 ltrc
1676 405 1768 460 attitu-

128 509 262 569 uetandis.
272 505 325 562 Sed
336 513 364 560 at
376 503 527 566 hereticos,
537 511 703 568 peccatorum
713 497 922 568 praecedentium

128 599 237 673 sagittis
251 607 372 660 stratos,
398 608 460 648 curu
477 589 601 660 praesidio
616 588 774 655 citaritatis,
791 604 851 659 quac
873 603 922 644 ars

124 703 172 752 est
185 692 314 747 uirtutum
330 688 470 749 omniurn,
498 682 629 736 fraudant.
655 681 735 747 erusi
755 691 835 748 caput
859 679 922 735 Saul

129 781 265 839 iuttnundi
280 779 390 849 spiritus
405 774 563 845 praecidunt,
580 788 641 826 cum
653 786 730 826 suunt
744 771 827 840 magis
842 785 923 841 quam

125 873 274 943 scripturae
289 882 401 924 sensum
423 865 499 934 sequi
525 863 698 933 persuadent.
723 865 813 917 Armis
825 876 924 930 crspo-

127 967 216 1031 liant,
233 979 294 1018 curu
307 961 396 1016 divium
412 958 518 1026 eloquia
528 955 560 1010 ad
577 970 676 1021 suum,
692 954 792 1018 idest,
819 954 923 1010 demo·

127 1057 220 1111 uicum
252 1066 362 1108 sensum
380 1055 547 1119 pervertunt.
579 1047 660 1099 druna
675 1044 738 1100 Saul
765 1046 794 1099 in
825 1047 923 1114 templo

124 1144 260 1202 usnemu
274 1151 387 1212 ponuat.
404 1138 531 1195 Astaroth
557 1137 667 1206 quippe,
683 1151 735 1190 nort
751 1136 837 1190 solum
861 1136 923 1206 quia

124 1238 227 1295 idolum
234 1248 287 1303 est,
296 1234 344 1290 sed
356 1235 435 1288 ctiam
443 1231 504 1302 quia
515 1229 617 1283 lactura
629 1229 826 1298 exploratorum
840 1229 925 1284 iuter·

101 1385 108 1395 ,
125 1327 418 1404 promtur,doctrinam
430 1322 562 1394 sigrdlieat
578 1321 717 1390 spirituum
734 1321 921 1390 malignorum,

124 1421 173 1494 qui
185 1422 280 1477 caulas
294 1418 413 1473 lidelium
438 1416 635 1471 circumeuntes
658 1411 789 1482 quotidie,
805 1413 827 1467 si
842 1427 922 1482 quem

123 1513 259 1570 davurmc
270 1509 384 1579 possint,
400 1503 628 1575 explorantium
644 1519 725 1573 opera
742 1504 813 1572 ipsa,
826 1505 922 1572 quibus

127 1600 367 1664 desservierant,
383 1597 417 1652 ad
432 1611 488 1652 suae
510 1595 685 1663 malignitatis
712 1596 842 1664 obsequia
864 1595 921 1649 dira

127 1698 303 1765 permutam,
317 1689 437 1744 membra
453 1687 579 1741 nimirum
594 1684 662 1741 lueis
675 1694 703 1740 et
714 1685 777 1739 rite
802 1685 922 1754 expertia

128 1785 157 1840 irt
168 1797 249 1841 asaro
264 1782 363 1837 domus
378 1778 479 1834 inimici
491 1775 668 1846 suspendunt.

163 1876 241 1944 Quod
256 1890 315 1929 esra
329 1873 460 1927 sudarent
476 1869 632 1924 habitatores
648 1867 726 1924 iubes
740 1866 852 1936 Gataaa,
867 1878 921 1925 etc.

126 1968 218 2033 tahar,
233 1982 294 2038 quaa
308 1966 497 2036 iuterpretatur
514 1963 668 2028 exsiccata,
686 1961 833 2017 Ecclesiam
848 1960 922 2018 desi·

126 2068 202 2132 psat,
222 2073 303 2129 quam
318 2055 440 2114 ahumai
460 2054 575 2111 carnalis
593 2053 817 2122 concupiscentis
838 2054 920 2121 husu,

125 2150 246 2209 morani
262 2149 462 2220 inquinamento
475 2145 565 2200 caruis
575 2158 606 2199 ac
617 2143 727 2215 spiritus
742 2144 832 2199 terror
842 2143 922 2214 iusti·

128 2241 172 2298 tin
184 2241 271 2309 Solis,
287 2241 340 2295 hoc
350 2246 393 2294 est
415 2237 542 2307 aspiratio
558 2235 641 2291 diuini
663 2245 794 2306 temperat
811 2236 920 2292 aratoris.

128 2337 205 2396 liade
223 2348 298 2395 recta
313 2337 374 2392 talis
393 2336 421 2391 in
443 2343 535 2389 munte
554 2334 605 2388 sita
620 2333 791 2388 describitur.
817 2332 850 2387 lit
864 2333 922 2402 ipra

127 2430 240 2498 ΗΜ,
254 2430 282 2486 id
293 2437 345 2497 est,
367 2441 481 2483 acernus
497 2424 644 2482 testimonii
666 2433 785 2491 roratur,
800 2433 828 2480 ut
841 2424 923 2495 siqni-

128 2521 187 2579 stat
199 2521 406 2578 subtilissimam
419 2527 572 2574 stricturum
591 2515 683 2579 uitam,
695 2529 730 2570 ue
752 2515 785 2568 ad
802 2529 921 2570 errorem

127 2613 232 2670 &dati
242 2613 338 2684 possit,
351 2610 453 2666 idoneis
462 2610 660 2678 scripturaram
673 2605 843 2672 testimoniis,
857 2620 917 2662 csse

977 494 1065 550 dinem
1089 493 1241 547 divitiarum
1261 494 1397 562 sapientis
1419 504 1446 548 et
1470 494 1589 547 scientie
1605 495 1652 550 oct
1677 496 1766 566 (llum.

976 584 1037 651 au),
1065 585 1139 655 justa
1162 583 1508 653 incomprehensibilesque
1533 586 1675 642 voluntatis
1700 602 1765 642 crun-

975 677 1065 731 silium
1081 675 1177 730 iecisse
1200 676 1240 730 rcl
1264 676 1418 745 permisisse
1431 686 1633 746 cuqruoscereut.
1652 678 1769 733 Combu-

975 766 1089 820 stiuncru
1104 766 1202 834 quippe
1227 765 1278 819 huc
1303 766 1329 819 in
1356 766 1416 820 loco
1439 766 1514 834 juxta
1529 766 1592 820 illud
1619 765 1771 835 intelligere

977 856 1116 924 debemus,
1132 857 1202 926 quod
1224 857 1257 912 de
1283 858 1461 926 percipiendis
1484 860 1688 926 scrutandisque
1717 859 1771 913 bu·

976 949 1082 1004 ruinicee
1097 948 1229 1018 passionis
1252 950 1426 1004 sacramentis
1449 950 1499 1004 suh
1520 950 1580 1019 aqui
1594 950 1689 1005 cdcadi
1703 959 1767 1021 typo

975 1041 1148 1110 praecipitur:
1174 1039 1203 1095 Si
1225 1039 1285 1109 quid
1310 1041 1404 1093 residui
1419 1041 1517 1109 suerit,
1540 1040 1594 1111 iqui
1615 1041 1767 1095 continueris

975 1131 1072 1202 (deod.
1090 1131 1148 1201 su).
1169 1130 1236 1183 Ossa
1260 1132 1287 1184 ia
1307 1146 1409 1185 tremore
1427 1131 1504 1185 lutea
1526 1132 1691 1200 sepelierunt,
1707 1149 1767 1189 curu

974 1223 1074 1294 siquid
1098 1225 1124 1277 iu
1148 1223 1263 1277 inlirmis
1275 1220 1380 1277 virtutis
1399 1232 1427 1278 ct
1447 1223 1583 1279 stratilatis
1597 1224 1766 1290 inuenerunt,

974 1329 1027 1370 nou
1043 1318 1094 1370 boc
1107 1316 1181 1384 qussi
1193 1314 1259 1368 nihil
1277 1314 1427 1383 despicere,
1441 1314 1488 1369 scd
1502 1312 1645 1370 fructuosis
1655 1326 1764 1371 saucto-

975 1419 1036 1459 rsrn
1064 1406 1189 1474 operibus
1218 1406 1368 1460 maluerunt
1387 1405 1551 1477 adjtrngere;
1570 1406 1675 1478 siquos
1698 1408 1769 1463 inter

974 1499 1095 1554 sararales
1110 1513 1142 1554 ac
1157 1500 1265 1569 truqiles
1280 1500 1423 1556 virtutibus
1439 1504 1534 1558 atrimae
1547 1503 1766 1574 studerecoqno·

975 1598 1082 1654 tertrnt,
1096 1589 1145 1645 hos
1159 1602 1313 1645 structorum
1338 1592 1473 1647 consortio
1487 1607 1664 1650 annumerare
1687 1611 1767 1651 cura·

975 1693 1048 1738 ruant.
1065 1683 1116 1738 Per
1134 1697 1228 1739 nemus
1252 1683 1350 1752 quippe
1374 1686 1505 1740 bonorum
1528 1700 1639 1756 operum
1664 1686 1767 1744 tructus

936 1769 958 1829 b
974 1773 1048 1829 norit
1062 1774 1188 1843 exprimi,
1204 1777 1248 1843 qui
1264 1774 1291 1828 in
1306 1775 1404 1830 Genesi
1418 1775 1519 1845 legens,
1542 1777 1612 1846 quod
1632 1779 1673 1834 rel
1687 1779 1767 1845 quala

973 1879 1070 1922 nemus
1081 1866 1218 1921 Abrabam
1245 1868 1272 1922 in
1296 1867 1428 1923 Bersabee
1448 1870 1617 1938 plantaverit,
1632 1880 1705 1927 reete
1721 1871 1765 1927 iu·

973 1961 1092 2032 telligere
1101 1961 1184 2017 norit.
1201 1961 1286 2017 Aliter
1300 1961 1363 2017 Saul
1378 1977 1425 2031 pro
1439 1964 1557 2033 peccatis
1569 1964 1625 2020 suis
1641 1974 1763 2022 rnortuus

972 2063 1000 2110 et
1009 2054 1125 2120 derisus,
1140 2070 1155 2108 a
1171 2053 1236 2109 viris
1248 2053 1339 2122 labes,
1355 2071 1422 2127 quos
1434 2057 1562 2125 miravit,
1587 2058 1692 2127 publico
1707 2061 1762 2116 eri·

972 2145 1044 2216 pitur
1058 2144 1214 2216 opprobrio.
1238 2145 1359 2202 cadauer
1373 2149 1548 2215 comburitur,
1572 2159 1600 2205 et
1623 2164 1684 2205 ossa
1698 2166 1766 2207 coa·

972 2236 1074 2292 duntur
1097 2237 1124 2292 in
1140 2251 1269 2303 nemore;
1286 2239 1347 2307 quia
1375 2238 1483 2309 dignuin
1497 2240 1619 2310 prolecto
1630 2252 1685 2309 est,
1700 2253 1729 2297 ut
1742 2244 1767 2299 ai

973 2328 1034 2396 quts
1049 2327 1166 2382 lidelium
1181 2342 1392 2398 magnorumque
1403 2330 1522 2391 uirorum
1543 2334 1766 2402 peccatorictore

972 2418 1137 2491 spiritualem
1149 2429 1263 2475 mortem
1279 2421 1431 2487 iucrrrrerit,
1443 2423 1477 2477 ab
1489 2423 1530 2477 bis
1541 2424 1656 2480 manime
1668 2424 1766 2495 quihus

974 2508 1000 2563 in
1026 2510 1097 2564 bono
1112 2509 1220 2579 proluit,
1249 2519 1278 2565 ut
1299 2511 1461 2567 reviviscere
1489 2513 1585 2584 possit,
1611 2514 1762 2584 adjuretur,

974 2598 1123 2670 horumque
1146 2611 1174 2657 et
1194 2599 1400 2660 icrrerttissimis
1414 2605 1440 2659 in
1454 2608 1661 2676 compunctione
1678 2609 1765 2680 preci·

130 2704 273 2760 lrmatam.
287 2701 346 2773 ipsa
360 2709 450 2758 autem
471 2709 512 2755 est
526 2697 630 2763 ciuitas,
655 2712 735 2767 quam
749 2699 775 2752 ln
796 2697 922 2767 auspiciis
973 2691 1023 2745 bus
1051 2691 1108 2760 ejus
1136 2693 1253 2748 carrralia
1280 2694 1455 2764 detegantur,
1483 2706 1510 2753 ct
1536 2699 1684 2767 spiritualia
1703 2715 1761 2771 qus

130 2796 168 2853 qq
188 2797 266 2866 segni
287 2793 440 2858 s2n1,eum
465 2789 552 2845 adhuc
576 2788 670 2843 buntili
692 2788 789 2858 pictate
808 2788 923 2843 Domino
973 2784 1065 2852 sesait,
1082 2799 1130 2838 suu
1144 2785 1223 2855 digna
1240 2787 1337 2855 pictate
1352 2789 1576 2844 compreenduntur
1590 2790 1704 2846 auctori.

129 2889 251 2954 tillim·
266 2887 302 2944 δι)
317 2885 432 2943 ¹¹⁰³¹i¹¹m
459 2883 600 2939 ⁰b³idi⁰¹¹⁰
625 2879 922 2952 obsecundantem
1009 2895 1046 2952 bt
1064 2899 1246 2971 jejunareruat
1257 2908 1354 2967 reptent
1368 2900 1468 2955 diebus.
1487 2901 1570 2956 llccte
1585 2911 1612 2956 el
1635 2903 1669 2958 ad
1691 2902 1765 2958 ltue-

130 2980 265 3038 audissem
278 2979 443 3035 habitatores
457 2976 539 3033 Jobet
560 2976 660 3033 Goltad
674 2991 839 3046 quecunque
850 2976 922 3032 fece·
974 3001 1033 3042 ram
1047 3003 1095 3058 pro
1110 2990 1225 3046 mortuis
1242 3032 1249 3055 ,
1264 2998 1292 3044 ut
1305 2990 1338 3044 ud
1353 2991 1475 3059 requiem
1491 2992 1630 3060 pcrrcuire
1645 2992 1761 3058 ualeant,

132 3084 189 3131 11111
210 3072 375 3130 Philistbiim
401 3070 474 3136 Satri,
491 3078 665 3125 surrexerunt
681 3082 777 3125 omttes
798 3068 849 3124 viri
868 3067 924 3125 fot·-
974 3086 1080 3150 septem
1101 3079 1196 3136 diebus
1209 3080 1362 3150 jejunatur,
1387 3082 1431 3152 qui
1447 3092 1508 3152 post
1518 3098 1566 3138 sex
1581 3083 1661 3155 hujus
1673 3084 1766 3139 saecufi

132 3164 233 3221 inimi.
934 3128 958 3194 c
974 3178 1082 3238 aelatcs,
1108 3170 1245 3240 inquibus
1261 3172 1287 3225 in
1305 3185 1385 3226 carno
1401 3171 1567 3237 laboraturus,
1593 3173 1709 3243 septima
1721 3182 1764 3227 cst

162 3255 405 3309 deambulaverunt
429 3261 481 3306 loto
504 3261 595 3320 anate,
620 3262 672 3306 01⁰·
699 3248 765 3306 Cum
786 3250 923 3307 audissent
973 3261 1001 3315 in
1027 3260 1072 3316 illo
1094 3261 1194 3316 sacculo
1219 3271 1285 3315 actus
1308 3261 1485 3331 requietionis
1509 3265 1659 3317 striatarum
1683 3279 1764 3318 carus

133 3342 294 3402 habitatores
316 3343 435 3399 ctrtrarts
454 3340 555 3398 Christi
569 3352 652 3412 super
675 3352 793 3399 merrtem
816 3344 920 3414 positae,
972 3358 1131 3414 exutarum,
1148 3350 1175 3405 tn
1196 3367 1249 3420 qna
1276 3353 1361 3406 pente
1382 3360 1487 3421 tenipus
1503 3350 1570 3406 illud
1594 3351 1763 3422 qtortttcan,

133 3433 267 3502 lucam,
291 3450 325 3492 es
349 3449 400 3505 qua
423 3434 473 3489 sibi
496 3435 524 3489 in
546 3435 714 3504 patriarchis,
730 3435 876 3507 prophetis,
895 3447 922 3492 et
972 3440 1081 3511 qrtando
1099 3456 1241 3512 resurgere
1261 3451 1430 3509 ntereantur,
1445 3449 1613 3510 exspectent.
1630 3440 1713 3513 cuju
1733 3443 1764 3496 tl-

133 3530 277 3602 apustolis,
293 3541 433 3599 praecones
453 3535 480 3583 et
501 3527 639 3583 rniaistros
661 3528 754 3583 salutis
780 3529 921 3586 aduenisse
972 3542 1066 3598 suram
1081 3530 1179 3600 quietis
1199 3541 1225 3584 et
1241 3530 1465 3595 resurrectionis,
1483 3539 1512 3585 ct
1529 3533 1644 3601 septima
1659 3533 1717 3588 dics
1733 3531 1760 3587 in

133 3621 317 3684 mmmmm,
331 3632 346 3674 a
361 3617 484 3688 genitibus
498 3625 676 3686 contemptam
693 3617 861 3688 habitumque
875 3617 922 3673 de·
973 3620 1050 3691 lego,
1073 3629 1102 3674 ct
1125 3621 1258 3690 septimus
1272 3621 1330 3676 sire
1350 3621 1591 3691 quinquagesimus
1615 3634 1715 3691 annus,
1738 3623 1764 3680 in

134 3708 209 3780 tissi,
236 3717 419 3766 sumeremus
443 3708 470 3762 in
499 3721 567 3777 opus
591 3708 668 3762 verbi
693 3721 788 3762 omncs
810 3709 922 3763 uiriliter
971 3713 1068 3782 quibus
1088 3716 1197 3781 requies
1216 3729 1328 3784 operum
1354 3710 1486 3779 dabutur,
1513 3715 1766 3785 typicepraetcnde·

134 3813 207 3872 neae
217 3801 384 3873 gamales,
396 3807 424 3855 ct
435 3798 505 3854 inter
519 3798 621 3853 medias
634 3798 780 3853 errantium
797 3798 920 3853 tenebras
972 3805 1046 3859 baert.
1061 3801 1150 3875 lpsum
1162 3818 1226 3858 vero
1241 3802 1395 3873 exennplum
1412 3812 1502 3858 nostra
1515 3806 1572 3874 spei
1587 3815 1614 3859 et
1631 3806 1692 3860 lidel
1707 3808 1763 3862 dis-

135 3890 382 3962 lpslrirtutumitcr
401 3888 579 3957 ambulantes,
596 3888 837 3958 prohibueruntde
859 3888 921 3943 illo·
973 3895 1130 3967 pensatione
1164 3894 1293 3949 hoduinus
1319 3895 1453 3961 ostendit,
1483 3897 1528 3965 qui
1555 3907 1630 3952 setta
1658 3899 1763 3954 sabbati

136 3996 186 4040 tu
203 3998 281 4051 casu,
296 3997 410 4054 quorum
433 3979 533 4036 delicto
551 3981 625 4037 salus
646 3980 771 4050 gentibus
789 3982 863 4050 quasi
887 3981 919 4034 ad
971 3981 1133 4050 crucillaus,
1153 3985 1267 4053 septima
1289 3985 1460 4053 requiescens
1482 3996 1596 4054 corpore
1617 3985 1644 4040 in
1664 4003 1760 4042 auronu-

138 4074 225 4132 daheii
244 4075 357 4131 domum
380 4074 590 4145 pertinentium,
618 4073 722 4143 publica
749 4073 920 4128 insultatione
972 4084 1074 4140 trtearto,
1090 4085 1186 4129 octaua
1201 4084 1227 4129 et
1242 4090 1301 4144 qum
1317 4089 1369 4129 uua
1386 4077 1489 4131 sabbati
1505 4087 1557 4143 cst,
1579 4081 1731 4134 resurrexit
1745 4097 1759 4135 a

141 4163 223 4222 aaa.
247 4162 324 4231 osae
344 4165 367 4219 si
390 4163 526 4229 delibatio,
544 4163 684 4233 inquiunt,
707 4174 795 4218 saneta
819 4173 875 4231 est,
896 4174 920 4216 et
971 4167 1094 4221 mortuis.
1115 4165 1168 4223 Sed
1189 4167 1215 4221 in
1231 4180 1305 4237 parte
1330 4168 1485 4238 alingonis,
1506 4184 1567 4225 cum
1589 4169 1622 4226 de
1640 4174 1761 4228 cecitate

81 4256 83 4333 q
143 4270 227 4325 usa:
240 4265 267 4312 et
277 4259 301 4312 si
318 4257 504 4323 radissaacra,
526 4266 549 4310 et
563 4256 638 4310 rami.
653 4256 730 4322 Quod
750 4259 774 4311 si
795 4259 874 4327 aliqui
887 4273 920 4311 ea
971 4257 1126 4314 lud-,comm
1140 4259 1281 4313 sabbatum
1298 4260 1427 4316 lractenns
1441 4262 1587 4317 carnaliter
1609 4265 1756 4318 observan-

81 4340 83 4351 '
145 4350 379 4422 ruissrartiuutt,
396 4355 532 4412 tuentem,
553 4363 610 4401 cum
626 4349 735 4403 oleaster
748 4350 920 4416 esseqinrer-
973 4351 1059 4417 tiuttt,
1089 4351 1162 4406 circs
1186 4350 1404 4420 contribulesque
1424 4350 1466 4406 sui
1486 4350 1579 4406 hdeles
1598 4355 1695 4407 nterito
1715 4351 1763 4408 tri·

148 4447 208 4495 tues
222 4443 251 4496 is
271 4440 336 4508 iilia,
359 4449 383 4495 et
400 4439 485 4494 socias
500 4438 595 4492 radicis
613 4448 637 4492 et
661 4439 823 4511 pinquediuis
846 4439 920 4493 oliuae
971 4441 1071 4497 stiriam
1094 4448 1120 4496 ct
1138 4440 1296 4495 continuum
1322 4441 1348 4495 tn
1371 4441 1454 4496 corde
1481 4443 1598 4498 retinent
1621 4441 1761 4510 dolorem,

151 4526 212 4596 helas
232 4549 270 4600 es,
284 4533 339 4588 resti
360 4532 466 4605 qloriuri
479 4531 602 4585 aduersus
615 4544 701 4586 ramos
716 4530 807 4602 (honr.
826 4531 875 4601 ιι),
892 4543 918 4587 et
972 4531 1048 4602 quasi
1073 4540 1176 4600 septem
1191 4530 1285 4587 diebus
1304 4531 1445 4602 ieiunant3
1466 4534 1527 4602 quia
1546 4533 1698 4590 constitutis
1713 4533 1763 4591 ad·

151 4630 223 4678 tatere
239 4640 300 4693 quae
310 4623 455 4694 apostolus
463 4622 496 4677 ad
508 4622 642 4678 ltomaaus
653 4624 722 4678 miro
736 4638 768 4679 ac
777 4624 919 4695 multiplici
972 4623 1026 4679 huc
1039 4623 1066 4677 in
1081 4636 1173 4678 errore
1187 4621 1316 4686 iratribus
1329 4624 1508 4695 cognatisque
1526 4627 1594 4692 suis,
1610 4626 1764 4682 rnulluenus

152 4718 252 4769 uncae
261 4714 385 4785 digessit.
971 4715 1079 4787 plenam
1094 4724 1207 4784 possunt
1223 4717 1322 4770 babere
1338 4715 1469 4773 letitiam.
1484 4719 1549 4771 Cum
1565 4724 1655 4772 autem
1671 4719 1764 4787 stipsi

179 4797 292 4860 'mast
306 4803 395 4874 laires,
409 4813 435 4860 el
447 4804 638 4861 combusserunt
654 4821 684 4859 ea
698 4805 743 4874 ur,
766 4815 820 4863 ete.
836 4807 919 4863 Cada·
972 4815 1074 4864 octavae
1090 4805 1155 4871 diei,
1171 4805 1197 4860 id
1212 4814 1268 4872 est,
1296 4807 1441 4862 bominis-e
1457 4807 1575 4863 simulet
1594 4823 1650 4863 aare
1670 4823 1763 4862 resurr-

152 4901 335 4962 taaearaales
354 4898 412 4955 sire
425 4897 542 4954 carnalia
557 4911 631 4964 ossa,
655 4896 779 4952 tortiores
798 4912 919 4970 quosque
974 4896 1102 4953 rectionis
1117 4895 1274 4967 eupatorium
1300 4893 1420 4967 perlecta
1434 4900 1626 4967 cogitaverint,
1654 4895 1761 4963 utrique

152 4986 305 5044 linituram
329 5002 412 5060 opem
443 4988 593 5059 designant.
619 4988 831 5045 combusserunt
854 5005 919 5061 ergo
974 4988 1295 5060 pariterjuvantegratia
1318 4987 1437 5057 Christi,
1463 4999 1592 5062 perpetua
1616 4985 1766 5044 testivitate

151 5071 256 5135 &asra
277 5078 343 5136 Saul
367 5088 395 5137 et
418 5079 531 5135 oliorum
559 5078 634 5150 clus,
660 5081 704 5149 qui
719 5079 823 5135 iullrrna
838 5095 916 5137 casus
972 5079 1134 5151 qrnudehunt.
