3794 6120
467 309 511 365 st:
527 309 665 366 tsttrto
687 305 883 371 stb0b0bts
901 315 1016 372 tibiltt.
1518 326 1569 384 798

104 440 154 485 ero
166 440 219 482 una
234 433 293 482 erat
307 425 397 480 lusura
413 440 601 493 mensuraque,
613 435 641 480 et
652 440 719 482 coo·
735 425 825 484 Abuc
839 438 882 485 est
896 433 967 501 qrrod
982 435 1080 504 repetit
1091 434 1185 492 dicens
1198 438 1238 492 nd
1249 437 1396 495 lderidieor.
1411 441 1567 514 taginini.

105 527 186 591 ptnrs
199 517 319 572 omnium
342 516 443 571 basium
458 517 515 571 sire
529 519 655 586 luterum,
669 532 721 571 uun
776 518 846 574 tibus
856 523 927 576 euim
940 522 1036 578 atrium
1061 525 1095 579 ab
1119 526 1240 593 Oriente,
1267 530 1352 597 primo
1378 531 1567 591 direrteuduru

103 611 211 667 satione
224 609 322 664 lactum
335 617 386 676 est,
401 609 471 676 quod
494 610 603 679 aequulia
620 610 723 678 possint
775 614 876 666 erasm
893 615 1042 681 meridiem,
1062 618 1105 673 ubi
1122 633 1195 675 mare
1211 620 1236 674 iu
1264 621 1322 689 ipsu
1345 624 1443 692 angulo
1468 623 1569 695 stabat,

103 703 234 760 emerita
257 702 414 769 doctorum;
438 702 486 758 sed
512 703 538 756 iu
563 717 594 758 ea
622 701 721 772 potius,
774 703 956 759 sacerdotibus
969 704 1002 760 ad
1017 705 1160 762 larandon
1176 720 1314 778 paraturn;
1335 713 1434 768 deiude
1455 728 1568 784 progre-
1609 695 1614 706 ’

103 796 162 855 ides
185 796 335 866 Evangelii,
360 811 412 866 qua
436 798 623 863 instituuntur,
640 812 721 851 unum
774 795 908 853 dieotibus
919 798 1000 863 intro,
1020 801 1194 856 occurrebant
1209 801 1308 859 luteres
1326 805 1359 857 ad
1374 805 1502 860 lararrdas
1517 806 1566 860 bo·

103 897 227 945 tuentium
244 888 380 958 baptismi,
403 902 456 957 quio
471 888 627 954 abluuntur,
653 902 723 940 unius
774 888 850 953 stias,
865 889 900 944 ab
913 901 1025 961 utraque
1040 902 1115 960 parte
1136 893 1232 963 positi;
1258 896 1327 949 intra
1351 897 1400 952 bos
1414 906 1473 952 crat
1495 898 1567 954 basis

103 978 186 1035 iirltus
200 985 253 1043 est,
270 992 324 1056 qrro
347 992 441 1032 omnes
461 977 722 1033 consecranturele·
773 992 849 1034 tenea
874 980 992 1050 utrinque
1015 983 1166 1039 erubiturum
1190 985 1379 1056 longitudinis;
1402 998 1429 1044 ct
1448 991 1568 1060 utrinqne

116 1072 275 1129 detrationes
290 1070 391 1127 babent
404 1069 524 1125 diuersas
543 1070 568 1123 ln
583 1070 642 1137 ipso
657 1068 721 1138 Spi·
773 1068 923 1124 cubitorum
936 1072 1092 1139 latitudiuis,
1107 1074 1227 1129 citrium
1242 1077 1393 1132 cubitorum
1404 1079 1567 1149 altitudinis,

103 1161 176 1220 iridll
204 1161 316 1233 singuiis
342 1168 422 1231 'prout
447 1165 513 1217 ruit.
537 1160 723 1244 ‘Quadraginta
775 1159 801 1214 in
816 1176 867 1231 qiua
889 1163 1105 1220 stansbrlomoo
1130 1165 1263 1221 dedicarit
1300 1170 1444 1239 templum3
1470 1171 1568 1227 deiude

103 1253 139 1309 let
155 1254 221 1308 luter
245 1269 321 1308 unus.
346 1252 579 1323 Quadragenarius
594 1266 724 1308 nrrmerus
774 1252 843 1307 ultra
868 1255 1097 1324 progredientibus
1120 1261 1280 1315 occurrebat
1307 1261 1391 1316 altare
1417 1262 1566 1317 bolocausti

103 1344 298 1419 sperlectionis
315 1353 405 1416 typum
432 1352 533 1408 tenere,
555 1345 615 1414 uaria
640 1331 721 1400 nimi·
773 1356 864 1399 contra
880 1346 1019 1402 meridiem
1044 1347 1121 1412 atrii:
1143 1350 1241 1405 deiude
1262 1352 1380 1419 porticus
1395 1352 1487 1420 templi
1509 1356 1566 1408 sire

103 1437 296 1495 denibclum
318 1437 504 1508 urradraginta.
522 1438 721 1493 Deremautem
774 1439 945 1503 uestibulum,
974 1441 1000 1494 in
1032 1456 1087 1511 quo
1114 1450 1192 1497 eraut
1221 1444 1356 1498 columam
1375 1459 1464 1508 ureae,
1494 1446 1567 1499 circa

103 1536 154 1600 pta,
166 1528 264 1599 qulbus
279 1529 367 1583 omnis
378 1535 470 1582 nostra
485 1527 604 1596 operatio
620 1527 646 1582 iu
662 1528 722 1597 legs
773 1530 871 1583 ostium
893 1530 996 1600 templi.
1017 1530 1094 1599 Qurud
1109 1546 1174 1601 ergo
1189 1547 1263 1588 marc
1279 1533 1367 1602 posuit
1381 1534 1414 1587 ad
1429 1536 1566 1591 dexteram

103 1622 142 1676 lxs
154 1627 212 1685 ειη
227 1627 341 1689 quatuor
353 1633 416 1673 reru
430 1618 635 1688 Euangeliorum
649 1618 721 1681 libri,
774 1629 874 1690 partem
892 1622 993 1690 templi,
1015 1621 1148 1693 siguificat
1163 1639 1213 1679 nos
1227 1640 1275 1695 pcr
1290 1627 1425 1682 lauarcruro
1442 1629 1566 1698 baptismi

117 1710 345 1782 dispensationem
368 1709 508 1764 dominic-'e
531 1710 722 1764 incarnationis
774 1711 807 1766 ad
822 1728 932 1784 regnunt
945 1716 1067 1784 coeleste,
1081 1716 1152 1786 qrrorl
1174 1718 1233 1787 jure
1248 1720 1378 1773 uocabulo
1398 1720 1517 1775 dexterrc
1531 1724 1568 1776 ll-

103 1800 146 1859 tln
157 1801 233 1856 nobis
245 1810 287 1856 est
299 1799 446 1869 patelactus
457 1800 594 1856 introitus.
611 1801 644 1854 Et
657 1802 720 1866 uitia
738 1771 896 1872 Bguratur,
919 1803 1018 1861 debere
1039 1807 1190 1875 peruenire.
1218 1806 1269 1873 Qui
1292 1809 1361 1861 eninr
1383 1808 1518 1862 crediderit
1543 1819 1568 1864 ιι

103 1892 133 1949 td
147 1893 303 1964 mysterium
318 1892 387 1946 sacri
404 1892 571 1958 baptismatis
587 1891 725 1961 pertinent
776 1897 918 1968 baptisatus
930 1899 1019 1968 prieris,
1041 1899 1124 1953 solnnr
1137 1900 1196 1954 erit.
1217 1898 1282 1954 llam
1299 1901 1343 1954 ubi
1357 1901 1465 1955 demens
1486 1902 1567 1955 simut

103 1984 308 2043 lsacrameutis
324 1983 460 2050 Evangelii
484 1981 585 2037 debent
607 1981 723 2036 fructum
775 1997 804 2043 et
829 1989 937 2044 sinistra
964 1991 991 2044 io
1015 1989 1085 2045 bono
1111 1990 1292 2060 accipiuntur,
1322 1990 1364 2045 rel
1393 1989 1514 2046 ludreaur
1541 2000 1569 2046 et

103 2076 191 2133 illunis
212 2075 364 2143 ostendere,
378 2084 440 2146 apte
454 2074 556 2130 luteres
573 2075 680 2142 singuli,
697 2074 723 2128 in
776 2080 960 2148 gentilitatem.
976 2089 1006 2134 ut
1024 2080 1050 2134 iu
1066 2081 1235 2149 expositione
1255 2081 1360 2135 basium
1383 2096 1465 2152 supra
1488 2080 1563 2136 disi·

103 2168 193 2225 crusta
204 2169 372 2230 lavabantur,
390 2166 566 2237 quadraginta
583 2168 659 2222 batos
676 2181 722 2220 ra·
776 2186 857 2236 mus;
878 2170 919 2226 rel
942 2179 1100 2240 presentem
1128 2172 1257 2227 Ecclesiae
1282 2174 1363 2226 sitam
1389 2180 1417 2228 et
1431 2172 1567 2240 ,lrrtrrraun

103 2260 140 2317 od
155 2276 220 2316 reru
234 2261 372 2330 sequitur:
397 2259 508 2329 Eratque
530 2267 640 2328 quotuor
653 2258 725 2312 cubi·
776 2260 818 2317 rel
833 2260 950 2315 letitiam
965 2269 1120 2315 sumturum
1135 2269 1163 2316 et
1182 2261 1328 2325 tristitiam,
1345 2261 1386 2317 rel
1399 2262 1500 2331 aliquid
1517 2262 1568 2316 lm·

112 2358 141 2413 lu
154 2357 300 2412 altitudime
321 2374 366 2411 eru
380 2357 407 2410 in
422 2356 560 2410 latitudine
579 2354 723 2419 significet,
774 2350 907 2421 jusmodi;
924 2351 968 2405 ubi
983 2365 1048 2406 reru
1062 2351 1185 2408 absolute
1199 2352 1310 2408 deutera
1324 2352 1350 2407 ln
1364 2351 1436 2406 bono
1449 2352 1566 2422 ponitur,

103 2448 215 2519 nysterii
230 2447 255 2500 in
272 2454 396 2516 promptu
411 2451 461 2499 est.
478 2443 560 2499 Luter
573 2445 643 2498 enirn
656 2458 725 2498 trtius
776 2452 875 2497 aeterua
887 2440 982 2512 gaudia
995 2442 1094 2512 sepius
1107 2442 1288 2498 demonstrat.
1300 2442 1376 2512 Quttd
1391 2458 1456 2497 uero
1470 2454 1564 2499 contra

103 2538 208 2594 iliorum
221 2545 292 2603 erat,
307 2536 347 2589 rel
363 2544 472 2603 propter
486 2533 572 2588 sancti
583 2532 722 2603 Evangelii
775 2531 906 2588 orientem
928 2531 1016 2600 posuit
1030 2547 1114 2595 mare,
1128 2532 1161 2587 ad
1182 2533 1305 2588 camdem
1328 2547 1410 2603 prope
1431 2533 1569 2603 signitica-

103 2628 180 2684 uibus
194 2628 277 2682 lorma
300 2628 376 2682 nuliis
392 2625 518 2696 baptismi
542 2625 722 2695 praebsaes13
776 2629 875 2685 tionem
898 2629 1019 2700 respicit,
1044 2629 1115 2700 quod
1139 2628 1264 2685 videlicet
1280 2644 1328 2697 per
1343 2630 1479 2683 lavacrum
1494 2630 1565 2683 sacri

107 2729 224 2793 quatuor
237 2719 385 2775 cardinales
398 2719 521 2783 uirtutes,
537 2718 634 2785 ouibus
650 2719 725 2788 quis·
774 2719 855 2776 torius
884 2721 1012 2787 splendor
1039 2723 1116 2777 nobis
1144 2722 1256 2776 interore
1281 2721 1412 2776 claritatis
1437 2721 1567 2788 aperitur.

110 2811 134 2867 sl
150 2827 203 2868 nun
220 2812 318 2866 trustra
335 2809 421 2866 ridetis
441 2818 493 2872 esi,
506 2808 587 2865 deber
602 2807 722 2872 bunum
775 2811 851 2879 Quot
865 2811 898 2864 ad
913 2810 1089 2867 inertittanun
1101 2810 1169 2863 tatus
1180 2809 1251 2874 sirit,
1267 2806 1395 2878 signitur
1413 2807 1506 2863 ttdetes
1521 2823 1569 2877 per

103 2910 189 2973 ropter
208 2901 299 2957 numdi
315 2908 429 2971 qrratuor
450 2901 552 2970 plagas,
570 2898 667 2968 uiribus
683 2896 723 2952 la·
774 2900 959 2971 acceptionem
981 2901 1067 2956 sancti
1087 2899 1204 2968 Spiritus
1228 2898 1261 2954 ad
1287 2898 1455 2967 tlagrantiaur
1480 2900 1567 2953 solere

103 2992 344 3053 stlsministratur,
364 2990 471 3046 dicente
496 2988 721 3060 Psalmograplro:
774 2991 999 3048 verecundaris
1024 2991 1148 3045 accendi.
1174 2989 1275 3044 Feruor
1297 2990 1398 3043 etenim
1426 2988 1565 3043 meridiani

103 3086 168 3143 trde
186 3102 265 3140 uranu
278 3086 385 3154 inimici,
402 3087 434 3140 de
452 3084 599 3156 regionibus
618 3101 758 3179 congre·c
775 3087 840 3141 solis
854 3083 991 3142 consuerit
1009 3085 1035 3139 in
1051 3086 1198 3153 scripturis
1220 3084 1343 3140 ardorem
1359 3084 1522 3149 dilectionis,
1540 3094 1568 3141 et

106 3175 170 3233 salis
186 3186 243 3229 ortu
255 3185 280 3230 et
296 3190 398 3240 occasu,
419 3175 451 3229 ab
472 3173 599 3245 Aquilone
618 3182 643 3227 et
657 3174 721 3227 muri
775 3177 978 3232 illustrationem
992 3175 1108 3246 Spiritus
1122 3175 1218 3239 sancti.
1237 3191 1284 3245 per
1308 3190 1387 3245 quem
1411 3175 1506 3245 eadem
1526 3176 1568 3231 di·

103 3268 146 3340 ιι).
173 3267 250 3334 Quod
275 3281 340 3323 reru
362 3280 441 3333 supra
463 3264 551 3319 dixit:
573 3261 725 3333 Pariterpue
773 3267 853 3325 lectio
866 3265 1025 3324 diffunditur
1045 3267 1071 3322 in
1085 3267 1211 3322 cordibus
1226 3268 1385 3333 electorum,
1402 3267 1563 3337 significare.

103 3376 129 3415 st
139 3360 253 3416 cubitum
267 3367 291 3412 et
305 3357 441 3412 dimidium
452 3374 461 3422 ;
473 3364 501 3412 et
515 3369 603 3422 neurus
617 3354 651 3410 ibi
665 3354 723 3409 siti·
1071 3376 1184 3434 CAPUT
1197 3375 1269 3433 m

117 3449 323 3520 *mdiiiu‘ii'fflm
337 3447 511 3517 'ignifici'ffl''
528 3443 636 3513 'difflua
650 3443 722 3545 '³⁶5'
811 3470 886 3539 erod
905 3470 933 3524 in
945 3470 1046 3542 regione
1059 3468 1182 3523 lordonis
1207 3468 1276 3538 {ncta
1297 3468 1349 3523 sint
1368 3483 1429 3523 curu
1440 3467 1531 3523 domus

103 3538 179 3597 odom
193 3537 278 3610 ipsius
293 3538 387 3593 luteris
401 3536 480 3591 unius
491 3548 552 3591 esse
567 3532 722 3602 amplitudr·
1112 3539 1225 3596 bomini.

103 3631 253 3704 lintelligi.
276 3631 353 3699 (2⁰⁰⁶
380 3645 412 3684 0¹
430 3641 553 3683 menium
574 3625 613 3694 (oi
634 3622 722 3694 finili)
810 3631 1007 3687 Omninunru...
1030 3631 1062 3685 de
1077 3629 1319 3696 duricbulcoerunt,
1335 3639 1387 3684 cto.
1402 3629 1470 3697 Apte
1483 3629 1508 3682 io
1524 3642 1568 3683 re·

103 3740 129 3781 li
149 3725 252 3795 positus
270 3732 337 3786 erili
361 3722 474 3791 quisque
500 3720 573 3774 ¹⁰²²?
597 3718 724 3773 facillime
772 3723 988 3794 giouclordauis
1010 3721 1069 3776 lusa
1084 3730 1146 3776 sunt
1165 3735 1227 3774 rasa
1240 3721 1337 3774 domus
1350 3718 1500 3784 bomini‚in
1515 3732 1568 3784 spuo

103 3830 158 3889 pse
170 3815 206 3870 ita
226 3814 410 3870 describitur:
427 3812 460 3865 ln
482 3811 627 3866 rurrrrnitute
639 3818 723 3862 nutem
774 3811 897 3866 rirlclicet
912 3809 1022 3864 flumine
1038 3809 1166 3863 Dominus
1181 3816 1272 3862 noster
1288 3806 1419 3874 baptizari
1443 3807 1568 3876 dignatus

103 3906 200 3963 redum
222 3904 368 3959 rotunditas
388 3904 465 3956 unius
479 3912 503 3955 et
517 3900 619 3954 dimidii
632 3900 721 3968 cubiti,
773 3912 824 3967 est,
838 3902 989 3970 tinctusque
1003 3900 1062 3971 elus
1077 3898 1156 3954 undis
1170 3915 1299 3967 aquarum
1314 3899 1391 3954 nobis
1404 3900 1565 3955 elementum

103 4010 136 4067 ts,
154 4006 185 4053 ut
206 3998 276 4053 luter
289 3998 404 4065 desuper
415 3994 515 4063 irupoui
531 4002 631 4063 possut.
648 3992 721 4045 luti·
773 3993 799 4048 in
814 3993 977 4048 ablu·ionem
992 4002 1161 4061 peccaturum
1176 3991 1319 4056 contremit,
1333 3991 1394 4060 qnia
1411 4004 1490 4045 omnic
1502 3990 1567 4047 bile·

103 4089 156 4147 rudi
170 4089 198 4146 ln
219 4089 349 4145 luteribus
363 4087 439 4141 unius
454 4094 513 4143 erat
525 4084 607 4140 cubiti
627 4099 659 4138 ac
681 4084 722 4138 di·
773 4082 837 4136 lium
853 4082 992 4151 baptisma,
1005 4096 1059 4152 qrro
1074 4080 1401 4144 baiutuocnnseerantur,
1430 4081 1456 4133 in
1476 4094 1567 4134 exerti-

103 4194 165 4239 rsro
182 4180 317 4251 capacitas
339 4178 585 4247 luterumpuatuor
608 4176 725 4231 babebat
774 4171 846 4241 plum
873 4170 1025 4253 celebratur
1054 4170 1220 4238 baptismatis
1245 4166 1317 4223 illius
1335 4183 1387 4237 utto
1416 4170 1567 4237 ipseauuus

103 4274 115 4331 p
131 4285 221 4331 numm
245 4274 272 4329 ῑῃ
287 4273 438 4338 aspiramine,
455 4288 488 4327 an
503 4275 529 4328 ῑῃ
544 4271 722 4344 longitudine,
773 4261 959 4316 sauctilirarit.
974 4260 1056 4316 ilectc
1079 4259 1105 4313 io
1132 4258 1240 4329 regione
1252 4257 1378 4314 lordanis
1393 4273 1455 4312 rasa
1471 4259 1567 4313 doinus

103 4365 234 4436 predicat,
249 4368 295 4435 qui
312 4363 434 4418 nouerit?
449 4363 480 4417 Et
494 4364 626 4418 constituit
639 4363 724 4418 decem
776 4354 881 4409 Doroini
895 4363 955 4407 sum
967 4350 1046 4406 lacta.
1063 4350 1155 4419 Neque
1176 4348 1246 4404 enim
1262 4348 1340 4402 aliter
1352 4362 1413 4401 rasa
1429 4347 1568 4403 electionis

103 4470 139 4512 ms
151 4456 187 4510 ed
199 4455 332 4510 deuterum
345 4465 444 4524 purtem
456 4454 553 4524 tenrpli‚
568 4455 680 4525 quinque
691 4454 725 4507 ud
738 4459 765 4522 ι)
777 4453 804 4500 et
816 4442 1008 4500 misericordie
1021 4441 1077 4496 bcri
1094 4453 1243 4510 possumus,
1259 4437 1310 4493 uisi
1338 4437 1370 4491 ad
1387 4438 1518 4506 baptisma
1535 4439 1569 4493 it-

103 4548 233 4605 lestcram
254 4557 357 4617 partem
374 4547 465 4615 templi
481 4557 507 4601 et
524 4546 658 4600 sinistram
671 4561 723 4600 non
776 4538 827 4593 lius
841 4534 909 4603 nond
920 4534 966 4589 illo
979 4532 1005 4588 in
1020 4533 1131 4586 bituriae
1140 4530 1220 4584 subiit
1235 4529 1418 4597 respicientes,
1431 4538 1458 4583 ct
1473 4528 1521 4597 ipsi
1530 4529 1568 4582 ri·

103 4636 277 4711 pluipso,sed
287 4640 485 4707 antetemplum
495 4636 725 4692 dicitadorienta·
777 4627 823 4682 tali
835 4624 945 4680 brimine
958 4632 1110 4693 satagaurus
1122 4621 1205 4674 ablui.
1222 4618 1374 4674 Notandum
1392 4630 1482 4675 autem
1497 4619 1568 4689 quirit]

103 4729 238 4793 ,videlieet
249 4730 274 4784 in
288 4729 500 4792 summissiore,
512 4729 582 4797 quod
596 4726 724 4783 sacerdo.
777 4733 829 4773 nou
847 4725 947 4771 muttum
963 4715 989 4770 iu
1001 4716 1110 4784 regione
1124 4712 1260 4780 lordauis,
1277 4713 1325 4767 sed
1341 4721 1368 4766 et
1381 4711 1406 4766 iu
1422 4720 1566 4779 carnpestr«

112 4821 269 4879 sudabatur.
280 4821 398 4891 Quirinus
407 4827 492 4875 auteur
501 4819 586 4887 posuit
596 4817 727 4871 addente.
777 4810 885 4880 regione
897 4808 969 4863 illius
982 4808 1049 4860 iacta
1063 4805 1128 4861 dicit
1137 4804 1230 4860 eadem
1241 4818 1321 4870 rasa3
1332 4802 1485 4875 significans
1499 4801 1568 4855 mul·

103 4914 417 4989 'surplipruprerdudnne‚
427 4915 471 4984 quit
483 4913 548 4969 5010
556 4912 725 4981 jusutrtaepm
778 4901 969 4968 tiplicationem
984 4898 1114 4963 bdelium,
1128 4913 1186 4966 quire
1201 4911 1253 4951 uon
1269 4896 1355 4952 solum
1367 4895 1503 4951 inludua.
1520 4892 1567 4947 sed

103 5006 134 5080 gis
148 5007 297 5077 antiquitus
308 5005 347 5060 uti
361 5006 502 5069 solebant;
518 5011 546 5058 ct
560 5002 679 5072 quinque
690 5001 723 5057 ad
777 5002 803 5048 et
817 4993 843 5045 in
859 4989 977 5044 omniurn
990 4988 1129 5044 nationum
1138 4998 1193 5041 erat
1207 4986 1349 5042 latitudine
1359 4984 1566 5050 lutura,cxpleta

103 5102 191 5164 popter
205 5108 264 5156 nus,
278 5095 323 5162 qut
337 5107 411 5146 emen
423 5090 524 5145 diutins
540 5089 621 5143 eritne
639 5088 724 5143 gerni.
777 5079 914 5152 propinetis
929 5095 989 5148 quse
1003 5079 1068 5135 dieb
1084 5077 1254 5134 :Gaudelunt
1264 5077 1359 5146 rumpi,
1371 5086 1394 5131 et
1405 5076 1490 5128 omnin
1510 5088 1566 5144 quir

103 5186 200 5241 umus
215 5183 285 5253 ejus,
300 5182 394 5252 (pulait
408 5200 414 5234 z
431 5180 532 5234 Pensm
546 5184 631 5234 sedent
642 5196 723 5233 mrum
776 5175 803 5228 in
813 5173 848 5227 eis
858 5183 917 5227 runt
930 5170 1014 5243 (Puri.
1030 5170 1103 5239 scr),
1118 5168 1166 5224 dut
1181 5167 1267 5225 simile
1280 5178 1321 5224 est
1331 5169 1391 5232 ltoc,
1404 5164 1473 5234 uttod
1496 5164 1565 5218 idem

103 5292 145 5334 er
157 5275 228 5347 quud
243 5285 284 5331 est
295 5284 388 5344 aperte
399 5275 508 5329 dicere:
526 5271 587 5326 litis
598 5273 625 5326 in
638 5271 725 5326 cordi·
777 5266 916 5321 Psalrnista
928 5266 961 5321 de
973 5263 1133 5320 sacrarucuti
1147 5262 1289 5317 dominicae
1306 5255 1498 5315 iucarnationis
1523 5269 1565 5307 ar-

103 5382 147 5427 ers
157 5367 285 5431 desidero,
298 5380 354 5436 pure
366 5381 383 5417 u
396 5365 453 5418 lure
466 5364 582 5418 ueritatis
601 5373 626 5416 et
645 5364 724 5433 fluns·
777 5376 855 5427 carro,
872 5374 949 5429 aqua
964 5357 997 5412 ad
1018 5357 1095 5412 lblem
1110 5365 1249 5420 uenerunt,
1262 5353 1314 5408 ait:
1331 5350 1398 5405 Erus
1421 5350 1566 5402 audiuimus

103 5458 218 5514 irritetis
231 5458 317 5511 aliens
326 5472 381 5512 ease
393 5457 538 5510 considero.
553 5454 627 5508 Mure
639 5466 725 5508 uuteor
777 5469 834 5508 eum
849 5454 875 5506 in
888 5451 1016 5520 Epirota,
1031 5449 1172 5502 invenimus
1184 5462 1240 5500 eurrt
1261 5443 1396 5513 inrumpis
1411 5441 1489 5496 sllroe.
1509 5442 1564 5495 dtr·

103 5558 319 5619 marmenem
336 5549 434 5618 templi,
447 5556 536 5601 contro
550 5546 680 5600 Orientem
691 5546 725 5598 ud
777 5543 971 5611 diruusrpuippe
984 5540 1010 5593 in
1027 5537 1154 5607 prrata,
1166 5535 1191 5590 id
1205 5545 1257 5602 est,
1277 5535 1302 5588 in
1319 5532 1454 5588 lietbleern
1474 5542 1563 5585 sacra·

103 5636 184 5697 ltlrec
197 5642 223 5693 tn
233 5640 321 5694 eodem
332 5640 397 5691 atriu
412 5638 523 5705 positum
536 5646 571 5689 est
585 5637 620 5688 od
632 5635 726 5688 Orien·
778 5644 866 5691 rnruta
895 5629 1039 5694 dominica,
1066 5630 1129 5699 quia
1146 5627 1292 5683 revelatum
1313 5640 1361 5694 per
1377 5621 1521 5695 propbetas
1533 5623 1566 5677 ale

103 5742 186 5793 ratem
201 5733 256 5790 ait:
280 5735 320 5791 dd
342 5737 475 5790 deuterum
497 5743 596 5802 portum
623 5731 724 5801 terrrpti,
778 5726 898 5797 l'irgbc.
910 5736 968 5795 tprrae
986 5728 1043 5779 urat
1056 5734 1089 5777 ex
1110 5717 1204 5785 eadem
1218 5714 1337 5786 utrisne,
1353 5714 1387 5769 de
1401 5713 1486 5768 bustu
1501 5726 1565 5765 ruu-
