3794 6120
515 302 559 359 rlE
576 303 714 359 restuto
736 299 932 365 subostbuts
950 309 1065 366 bibuli.
1566 321 1618 378 iba

101 420 202 478 rdrero
216 432 267 474 una
283 427 342 475 erat
356 418 446 473 lusura
461 433 649 486 mensuraque.
661 427 689 474 et
701 433 767 475 con·
783 418 874 477 Abire
888 431 931 479 est
945 427 1016 496 qnod
1030 430 1129 498 repetit
1140 429 1233 486 dicens
1247 433 1287 486 at
1297 432 1444 488 lieridiem.
1460 434 1617 507 lupreilten.

101 510 367 583 teulptnraomuium
390 508 491 566 basium
506 510 563 564 sire
577 512 703 578 luterruu,
718 527 770 564 non
825 512 1084 573 tibusenimatrinm
1110 519 1144 573 ab
1167 520 1288 588 Oriente,
1315 524 1401 591 primo
1427 524 1616 583 disertenduur

101 604 260 667 plicatione
273 602 370 658 lactum
383 609 434 669 est,
449 603 519 670 qnod
542 603 652 673 aqualia
668 604 771 672 possint
823 614 881 660 erat
892 606 925 660 ad
941 609 1090 675 meridiem,
1110 612 1154 666 nbi
1170 627 1244 669 mare
1259 614 1285 668 in
1313 615 1371 683 ipso
1394 617 1492 686 :snprrlo
1516 617 1617 688 stabat,

101 696 173 755 nlnrrt
188 695 282 751 merita
305 695 462 762 doctorum;
487 695 534 752 sed
560 696 586 751 in
612 711 642 751 ea
671 696 769 765 potius,
823 696 1209 756 sacerdotibueadlasaudum
1225 713 1362 772 parutnm3
1384 706 1482 762 deinde
1504 721 1616 778 propre·
1657 688 1663 699 ⁹

101 804 117 848 a
140 790 210 847 lldes
233 789 384 859 Evangelii,
409 805 461 860 qua
485 791 671 856 instituuntur,
688 806 769 845 unum
822 789 1048 857 dientibusintro,
1068 795 1243 851 uecrrrrebant
1258 796 1356 852 luteres
1374 798 1408 851 ad
1422 798 1551 855 lavatrdas
1565 799 1614 855 lso·

101 891 275 939 stramentum
292 881 428 950 baptismi,
451 896 505 951 qno
519 881 675 947 ablnuntur,
702 896 771 934 unns
822 882 899 946 stirs,
914 882 948 938 ab
962 895 1073 955 utraque
1088 896 1164 953 parte
1185 887 1281 957 posiri;
1307 890 1375 943 intra
1399 891 1449 946 bos
1462 900 1521 946 erat
1543 892 1616 947 baala

101 970 234 1043 rsspiritus
248 977 301 1037 est,
319 986 373 1050 quo
395 985 490 1026 omnes
509 980 701 1026 consecrantur
715 970 770 1026 ele·
822 987 896 1027 enea
922 973 1040 1043 quincue
1064 978 1214 1033 crinitorum
1239 979 1428 1050 longitudinis;
1450 992 1478 1038 ct
1496 983 1615 1054 quinque

101 1064 148 1123 alsi
165 1065 324 1121 donationes
339 1063 438 1120 liabent
452 1062 573 1118 diversas
591 1064 616 1117 ln
632 1064 690 1130 ipso
705 1062 769 1131 Spi-
822 1062 972 1118 cubitorum
984 1065 1140 1134 latitudinis,
1155 1076 1183 1124 et
1197 1069 1275 1123 trium
1290 1071 1441 1126 cubitorum
1452 1073 1615 1143 altitudinis,

101 1155 224 1213 nttuttr
252 1155 365 1226 singulis
391 1161 471 1224 prout
496 1157 562 1210 sult.
585 1154 771 1238 'Quadrcpintc
823 1154 848 1208 in
864 1169 915 1225 qrra
937 1164 1012 1212 stans
1025 1158 1153 1214 Salomon
1178 1159 1312 1217 dedicarit
1347 1164 1493 1234 templum
1518 1165 1616 1221 delnrle

101 1246 187 1321 pitius
203 1247 270 1301 luter
293 1262 370 1301 unns.
394 1244 627 1316 Quadrupenarins
643 1260 771 1301 numerus
823 1245 891 1300 ultra
916 1249 1145 1319 progredientibus
1168 1255 1328 1309 ocerrrrebu
1354 1254 1439 1310 altare
1465 1256 1615 1311 holocausti

101 1354 164 1413 m
176 1339 346 1412 perlectionis
363 1346 453 1410 typum
479 1345 581 1402 tenere,
602 1338 665 1408 qnia
689 1324 769 1392 uimi-
822 1349 912 1393 contra
929 1340 1066 1396 meridiem
1092 1342 1169 1407 atrii;
1190 1344 1288 1398 deinde
1310 1347 1429 1415 porticus
1443 1347 1535 1415 templi
1557 1350 1614 1402 sire

101 1440 154 1489 tter
165 1431 228 1488 deni
244 1432 343 1487 iaciunt
366 1430 552 1501 urradrapinta.
571 1431 666 1486 berem
681 1441 769 1486 autem
822 1432 993 1496 vestibulum,
1022 1435 1048 1487 in
1081 1451 1135 1504 quo
1161 1445 1241 1490 erant
1269 1438 1404 1493 columnas
1423 1454 1512 1504 aereas,
1542 1440 1615 1493 circa

101 1531 202 1594 scepta,
215 1522 313 1593 unibus
327 1522 415 1576 omnis
427 1529 518 1575 nostra
533 1521 653 1589 operatio
669 1520 694 1575 iu
711 1521 770 1591 lego
821 1523 920 1577 ostium
942 1524 1043 1592 templi.
1065 1525 1141 1592 Quod
1157 1540 1222 1595 ergo
1236 1541 1311 1582 mate
1327 1528 1415 1597 posuit
1429 1529 1462 1582 aii
1477 1531 1615 1585 dexteram

101 1612 189 1671 redsa
202 1620 260 1679 cst;
275 1621 390 1682 quattuor
400 1626 464 1667 sero
478 1611 683 1681 liraupeliornm
697 1611 769 1673 libri,
822 1623 922 1684 partem
940 1616 1041 1682 tenurit,
1062 1615 1197 1686 significat
1212 1633 1260 1673 nos
1275 1634 1323 1689 por
1338 1621 1473 1675 lavacrum
1490 1624 1614 1693 lraptisurl

101 1718 145 1761 ter
166 1705 393 1775 dispensationem
416 1702 556 1757 dominicas
579 1704 770 1758 incarnationis
823 1705 854 1759 ad
870 1722 980 1778 regnum
993 1710 1114 1777 coeleste,
1129 1711 1199 1779 qrsorl
1222 1711 1282 1781 jure
1296 1713 1427 1767 uocabulo
1447 1714 1565 1769 desiere
1579 1717 1616 1770 ii·

101 1795 193 1868 patriae
205 1795 281 1850 nobis
293 1804 335 1850 est
347 1793 494 1864 patefactus
505 1795 643 1849 introitus.
659 1794 692 1848 Et
706 1795 769 1860 nrria
787 1764 944 1865 Bpuratos,
967 1797 1066 1854 debere
1086 1801 1238 1868 peruenire.
1265 1800 1318 1867 Qui
1339 1803 1409 1855 euius
1431 1802 1566 1857 crediderit
1591 1813 1616 1858 et

101 1886 132 1943 ul
146 1887 180 1942 sd
196 1887 351 1957 mysterium
367 1886 436 1940 sacri
451 1885 619 1952 baptismatis
635 1885 773 1955 pertinent
824 1890 966 1960 baptisatus
979 1893 1067 1962 prieris,
1088 1893 1172 1947 saluus
1185 1894 1244 1948 erit.
1265 1893 1330 1947 llam
1347 1895 1391 1948 ubi
1405 1894 1513 1949 dextera
1535 1896 1615 1950 sirrurl

101 1986 158 2035 lei
181 1978 356 2034 sacramentis
372 1977 508 2044 Evangelii
533 1975 633 2031 debent
655 1974 771 2030 srttcltltn
823 1990 852 2037 et
877 1982 985 2038 sinistra
1012 1984 1038 2037 in
1063 1982 1133 2038 bono
1159 1984 1341 2055 accipiuntur,
1371 1984 1412 2040 vel
1441 1983 1562 2040 Jndaeatrt
1589 1993 1617 2040 et

101 2071 239 2127 secationis
260 2068 412 2136 ostendere,
426 2078 488 2141 apte
503 2068 604 2123 luteres
621 2068 728 2136 singuli,
745 2067 771 2122 in
823 2073 1008 2142 gentilitatem,
1024 2083 1054 2128 ut
1072 2074 1098 2128 in
1114 2075 1282 2142 expositione
1303 2075 1408 2129 basinm
1431 2090 1512 2145 supra
1536 2075 1611 2129 disi·

101 2164 241 2219 mlncausta
253 2162 420 2224 lavabantur,
438 2160 614 2230 quadraginta
631 2162 707 2216 batos
724 2175 770 2214 ca·
824 2179 904 2230 mus;
926 2164 968 2220 sel
989 2174 1148 2234 presentem
1176 2166 1305 2220 Ecclesiae
1330 2167 1411 2220 sitam
1437 2174 1465 2221 et
1479 2166 1615 2234 instruatu,

111 2254 187 2324 Quod
204 2270 268 2309 sero
282 2255 420 2324 sequitur:
445 2253 557 2322 Eratque
578 2262 688 2321 quatitur
701 2252 773 2307 cuii·
824 2255 866 2310 sel
882 2254 998 2308 laetitiam
1014 2264 1167 2309 sanctorum
1183 2264 1210 2309 et
1230 2254 1377 2319 tristitiam,
1392 2255 1434 2310 rel
1448 2256 1548 2325 aliquid
1565 2255 1615 2310 ltu·

101 2352 143 2407 irs
161 2351 348 2405 multitudiue
369 2366 414 2405 sets
428 2350 454 2403 in
470 2349 608 2404 latitudine
627 2349 771 2415 significet,
822 2345 955 2415 jusmodi3
972 2345 1015 2399 ubi
1031 2359 1096 2401 vero
1110 2344 1233 2401 absolute
1246 2344 1359 2401 desters
1373 2346 1399 2400 lsr
1413 2345 1485 2401 bono
1497 2347 1614 2415 ponitur,

101 2454 132 2496 ns
142 2442 263 2510 mysterii
278 2440 303 2493 in
320 2448 444 2509 promptu
459 2443 509 2492 est.
526 2436 609 2492 buter
621 2438 691 2492 enim
704 2451 773 2491 nrrns
823 2447 922 2491 eterna
934 2435 1029 2506 gaudia
1044 2436 1142 2504 sapius
1154 2435 1335 2492 demonstrat.
1348 2436 1424 2505 Qnird
1439 2452 1503 2492 vcro
1517 2447 1612 2492 contra

104 2530 256 2587 cubitorum
270 2538 340 2596 erat,
355 2529 395 2583 sel
411 2537 521 2597 propter
534 2526 620 2582 sancti
631 2525 770 2597 Evangelii
823 2525 955 2582 orientem
976 2525 1064 2593 posuit
1078 2541 1162 2589 mare,
1176 2524 1209 2580 ad
1231 2527 1353 2582 eamdem
1377 2541 1459 2596 prope
1479 2527 1617 2597 signillcs‘

101 2622 228 2691 annilius
242 2621 326 2675 torma
348 2621 424 2675 nobis
439 2618 565 2690 baptismi
590 2619 699 2688 prsebsa
711 2630 770 2684 cett
824 2623 922 2677 tionem
945 2623 1066 2694 respicit,
1092 2623 1162 2693 quod
1187 2622 1313 2678 videlicet
1329 2637 1376 2690 per
1392 2623 1527 2678 lavacrum
1542 2624 1613 2677 sacri

101 2722 143 2771 ter
156 2723 271 2785 qrratuor
285 2712 434 2768 cardinales
447 2712 569 2777 virtutes,
585 2712 683 2778 cuibus
698 2711 773 2780 quis·
822 2713 903 2770 lentis
932 2714 1060 2781 splendor
1086 2717 1164 2771 nobis
1192 2715 1305 2770 internae
1330 2715 1460 2770 claritatis
1485 2715 1614 2782 aperitur.

101 2802 144 2873 lis,
159 2804 182 2861 ai
199 2820 251 2860 non
268 2804 367 2858 frustra
383 2802 469 2859 ildelis
489 2811 541 2866 est,
553 2802 635 2858 debet
649 2800 770 2865 institui;
823 2805 899 2872 Quod
913 2803 945 2858 ad
960 2803 1137 2861 tueritlianttm
1149 2804 1217 2857 latus
1228 2803 1300 2869 arrii,
1315 2801 1444 2871 signillcat
1462 2801 1554 2857 fideles
1569 2817 1617 2871 per

101 2903 238 2968 tpropter
256 2895 347 2950 numdi
363 2902 477 2964 quatuor
498 2893 600 2963 plagas,
618 2892 715 2962 ortibus
731 2891 771 2945 la·
822 2894 1006 2964 acceptionem
1030 2896 1115 2948 sancti
1135 2893 1252 2962 Spiritus
1276 2891 1309 2946 ad
1336 2892 1503 2961 llaprautiam
1528 2893 1615 2947 solere

103 2984 198 3042 salutis
213 2985 392 3047 ministratur,
412 2984 519 3039 dicente
544 2982 769 3054 psalmographo:
822 3001 893 3041 uerte
909 2984 1047 3040 ebaritatts
1072 2984 1196 3039 accendi.
1222 2982 1323 3037 Feruor
1345 2983 1447 3036 etenim
1475 2982 1613 3037 meridiani

101 3080 172 3136 leeris
184 3079 216 3134 de
234 3095 313 3133 maan
326 3079 434 3147 inimici,
450 3079 482 3133 de
500 3077 647 3149 repicnilurs
666 3094 806 3172 coepte-c
823 3080 888 3134 sulls
902 3077 1040 3134 consuerit
1057 3079 1246 3146 inscripseris
1268 3078 1391 3133 ardorem
1408 3077 1570 3143 dilectionis,
1588 3088 1615 3135 et

101 3188 113 3239 e,
125 3184 143 3224 s
156 3168 218 3224 solis
234 3179 291 3223 ortu
303 3178 327 3223 et
344 3183 446 3233 occasu,
467 3169 499 3222 ci
520 3165 647 3238 Aquilone
666 3176 691 3220 et
705 3168 769 3221 usuri
823 3170 1026 3225 illustrationem
1041 3169 1156 3239 Spiritus
1170 3168 1266 3231 sancti.
1285 3184 1332 3238 per
1357 3183 1435 3238 quem
1459 3168 1552 3225 eadem
1574 3170 1616 3223 di·

101 3261 194 3332 sxsrt).
221 3260 298 3326 and
323 3275 388 3316 rein
409 3273 489 3326 snpra
511 3257 599 3313 dixit:
621 3255 773 3327 Pariterurrs
821 3260 901 3318 lectio
914 3259 1073 3316 diffunditur
1094 3261 1119 3315 iu
1133 3260 1259 3315 crrrdibns
1274 3262 1433 3326 electorum,
1450 3261 1611 3331 significare.

101 3369 177 3409 susm
189 3352 301 3408 cubitum
315 3361 339 3405 ct
353 3351 489 3405 dimidium
500 3367 509 3414 ,·
521 3357 549 3405 et
563 3363 650 3415 uentre
664 3347 699 3402 ibt
713 3347 772 3403 alti·
1119 3369 1232 3427 CAPUT
1245 3369 1316 3426 m

110 3457 147 3499 atr
165 3441 370 3511 amplitudinem
384 3440 559 3510 signiticaret,
575 3436 684 3506 adjecit,
698 3436 770 3490 side*
859 3463 934 3532 erod
953 3462 981 3518 ἦ,
993 3464 1094 3535 „W
1107 3462 1230 3517 pompm,
1255 3462 1324 3532 sac„
1345 3462 1397 3517 ,pm
1415 3477 1476 3516 ,m
1488 3460 1579 3516 pom„

101 3532 227 3589 liundnm
242 3531 326 3602 ipsius
340 3531 435 3585 luteris
449 3529 528 3583 unlus
539 3541 600 3584 esse
615 3525 770 3595 amplitudi·
1160 3533 1273 3589 Domini,

101 3625 157 3683 tatii
176 3624 300 3696 intelligi·
325 3623 401 3692 Quod
428 3636 460 3677 ει
478 3634 601 3676 mensim
622 3618 661 3688 llll
682 3616 770 3686 lailot)
858 3625 1055 3679 Oatnitsutssts...
1078 3625 1110 3678 de
1125 3623 1367 3688 cunctaremur,
1382 3631 1435 3677 ete.
1450 3622 1518 3691 Apte
1531 3623 1556 3675 ln
1572 3636 1616 3677 re·

101 3732 176 3790 iqua
198 3717 300 3787 positus
318 3725 385 3779 erat,
409 3715 522 3785 quisque
548 3712 621 3767 luter
645 3711 772 3765 facillime
820 3715 1036 3787 giorrelordassis
1057 3715 1116 3769 lusa
1131 3723 1193 3769 sunt
1212 3728 1275 3767 rasa
1288 3711 1548 3777 domusllomisri‚in
1563 3725 1616 3778 uuo

101 3824 130 3878 rr,
145 3824 205 3880 tpuae
218 3808 254 3863 ita
274 3807 458 3862 describitur:
476 3804 509 3858 la
530 3803 676 3859 suurrnitute
687 3813 771 3855 erstem
822 3804 945 3859 sirlelicet
960 3802 1069 3857 flumine
1086 3803 1319 3856 nunnamenster
1336 3799 1466 3868 baptisari
1491 3800 1615 3870 dignatus

101 3908 113 3954 t
130 3899 247 3972 psoedmn
270 3898 416 3952 rotunditas
436 3897 513 3949 unius
526 3905 551 3949 et
564 3893 667 3948 dissidii
680 3893 768 3961 cubiti,
821 3906 872 3961 est,
886 3895 1037 3963 tinctusque
1051 3893 1109 3964 eins
1125 3892 1203 3948 undis
1217 3908 1347 3961 annarnm
1362 3893 1439 3949 nobis
1451 3893 1613 3949 clementum

101 3992 183 4058 leals,
203 4001 233 4046 ut
253 3991 323 4045 luter
338 3989 452 4057 desuper
463 3986 563 4055 imponi
580 3994 679 4055 posset.
696 3984 769 4039 bati·
821 3987 847 4042 in
862 3985 1024 4041 abinionensi
1039 3995 1209 4055 peccatorum
1224 3985 1367 4050 corrrertit,
1380 3984 1442 4053 qrria
1458 3998 1538 4039 omne
1550 3984 1615 4040 ible·

101 4082 203 4141 nfundi
218 4083 245 4138 in
267 4082 397 4136 luteribus
410 4079 488 4135 unius
502 4087 560 4134 erat
573 4077 654 4133 cubiti
675 4092 707 4131 ac
728 4077 770 4130 di·
821 4074 885 4130 lium
901 4074 1449 4145 baptisura,qnolluminoconsecrantur‚
1478 4074 1504 4127 in
1524 4088 1615 4128 esern-

101 4188 213 4233 rsarero
230 4173 365 4244 capacitas
386 4171 502 4227 luterum
518 4180 633 4241 quattuor
657 4168 773 4225 babebat
822 4164 893 4234 plum
921 4163 1072 4248 celebratur
1102 4163 1268 4231 baptismatis
1292 4161 1364 4217 illius
1382 4177 1436 4232 urso
1464 4164 1520 4231 ipsc
1534 4177 1615 4231 aitrus

108 4266 162 4326 Sed
180 4278 269 4323 utrum
293 4267 320 4322 in
335 4266 486 4331 altitudine,
502 4281 536 4320 en
551 4267 577 4321 tn
591 4265 770 4337 longitudine,
821 4254 1006 4310 sanctini-avit.
1022 4255 1104 4309 llecte
1127 4253 1152 4306 in
1180 4252 1287 4322 regione
1300 4251 1426 4307 iordanis
1440 4267 1503 4306 rasa
1519 4253 1615 4307 dornns

101 4372 189 4431 unque
201 4357 282 4424 dicat,
297 4360 342 4428 qui
359 4355 482 4411 noverit?
497 4356 528 4411 lit
542 4356 673 4411 coustituit
686 4356 771 4411 decent
823 4347 928 4403 Domini
942 4357 1002 4401 sunt
1014 4344 1094 4401 licta.
1111 4343 1202 4412 Neque
1223 4341 1294 4397 euim
1309 4342 1388 4396 aliter
1400 4356 1461 4395 nasa
1476 4341 1615 4396 electionis

101 4449 187 4521 usqae
200 4449 234 4502 cd
246 4447 380 4503 dexteram
392 4458 492 4516 portem
504 4447 601 4517 tenrpli,
616 4448 727 4519 quiaque
739 4448 773 4501 cd
786 4452 812 4514 1)
824 4446 852 4494 et
864 4436 1055 4494 misericordia
1069 4436 1125 4490 lieri
1141 4446 1291 4502 possumus,
1307 4430 1357 4486 nisi
1385 4431 1417 4484 ad
1435 4431 1566 4500 baptisma
1583 4433 1616 4485 il·

101 4556 122 4597 s.
137 4539 281 4597 {lesuram
301 4550 405 4611 partem
422 4540 513 4608 templi
528 4551 555 4594 et
571 4539 705 4594 sinistram
719 4554 771 4595 non
824 4531 875 4587 lius
889 4527 957 4597 quod
968 4527 1013 4583 illo
1026 4526 1052 4581 in
1067 4524 1268 4580 lirrurinesnbiit
1283 4523 1466 4590 respicientes,
1479 4532 1506 4576 et
1521 4522 1568 4590 ipsi
1578 4522 1616 4575 ri·

101 4631 268 4702 mptotpw,
278 4629 324 4686 sed
335 4633 533 4700 antetemptum
543 4630 773 4686 dtcptndmpfflpp.
825 4621 870 4675 tali
882 4617 992 4674 llnmine
1006 4625 1157 4686 satagarrnrs
1170 4614 1253 4668 ablui.
1269 4612 1421 4668 Notandum
1440 4623 1530 4668 antem
1545 4612 1615 4681 qrunl

101 4722 286 4791 myrtetica
296 4723 322 4777 tn
335 4721 547 4786 atrtojnteftofe‚
560 4722 629 4790 quod
643 4720 772 4776 sacerdo.
825 4727 877 4766 non
894 4718 994 4765 tantum
1010 4709 1037 4764 in
1048 4709 1157 4778 repinrre
1171 4706 1307 4774 iordanis,
1324 4706 1372 4760 setl
1389 4714 1416 4760 et
1428 4704 1454 4758 iu
1470 4713 1614 4772 campestri

101 4814 316 4872 trlerooabatur.
327 4813 633 4884 Quirrqueautempcsuit
644 4810 774 4866 andeste·
824 4803 933 4873 regione
944 4800 1016 4858 illius
1030 4802 1096 4854 lacta
1111 4798 1175 4853 dicit
1185 4797 1277 4854 eadem
1288 4811 1369 4864 rass3
1380 4796 1532 4868 significans
1547 4794 1615 4848 mul·

101 4908 231 4981 cntempla·
237 4907 464 4978 prepter-ludaeos,
475 4909 519 4977 qut
531 4906 595 4963 sole
604 4905 716 4975 justitias
725 4921 773 4975 pm
825 4895 1016 4962 tiplicationem
1032 4892 1162 4957 bdelium,
1175 4907 1234 4959 φιτ
1248 4905 1300 4943 non
1316 4889 1402 4944 solum
1414 4887 1551 4946 inludaea.
1567 4885 1614 4940 sed

113 4999 182 5072 tegis
197 5000 345 5068 antiquitus
356 4998 394 5052 nti
409 4998 550 5062 solebant;
566 5004 594 5051 et
608 4995 726 5063 quinque
738 4994 771 5050 ad
824 4996 850 5041 et
864 4987 890 5038 iu
906 4982 1024 5038 omniurn
1038 4982 1176 5036 nationum
1186 4990 1241 5034 erat
1254 4979 1395 5035 latitudine
1407 4976 1614 5044 lutura,expleta

101 5095 239 5159 spropter
252 5101 312 5148 nos,
326 5088 371 5155 qui
385 5099 458 5139 cteco
470 5084 571 5138 diutins
587 5081 668 5136 corde
687 5081 772 5136 serri-
824 5073 962 5145 prophetia
976 5088 1036 5141 oute
1050 5072 1115 5126 dicit
1131 5069 1302 5126 :Gaudelrunt
1312 5070 1407 5138 campi,
1418 5078 1441 5124 et
1453 5069 1537 5121 carnin
1558 5081 1614 5138 quoe

101 5178 247 5234 muamus
262 5176 332 5246 ejus,
348 5174 442 5244 ursinis
456 5192 462 5226 :
478 5171 580 5227 Panum
593 5176 678 5228 scriem
690 5188 772 5226 mecm
823 5169 850 5221 s'n
861 5167 964 5220 cissuru
978 5162 1062 5237 (l'sul.
1078 5162 1150 5233 scr).
1166 5160 1213 5218 cu
1228 5157 1521 5227 amnemamnem
1543 5158 1612 5211 idern

101 5284 171 5326 ram
181 5284 193 5326 .·
204 5267 275 5339 quod
290 5277 332 5323 est
343 5276 435 5337 aperte
446 5267 536 5321 dicere
550 5285 555 5318 :
574 5264 635 5319 lllis
646 5265 672 5318 irs
686 5264 772 5318 cordi·
824 5260 963 5314 Psalruists
974 5259 1008 5313 de
1020 5257 1180 5312 sacrarrrcnti
1194 5255 1336 5310 dominicae
1353 5249 1546 5310 lucarnationis
1571 5262 1613 5300 ar·

101 5360 194 5417 leswe
204 5359 333 5424 desidero,
345 5372 402 5428 pute
414 5373 431 5410 a
443 5356 501 5411 luce
514 5357 629 5410 ueritatis
649 5365 673 5408 et
692 5358 771 5426 pium·
824 5368 903 5420 cano,
919 5366 996 5423 aqua
1011 5350 1044 5405 ad
1065 5350 1143 5405 lirleru
1157 5358 1296 5412 uenerunt,
1309 5346 1361 5401 ait:
1379 5343 1445 5398 Ecce
1468 5342 1613 5395 audiuimus

101 5451 266 5508 sebarianus
279 5450 364 5504 alienu
374 5463 428 5503 esse
440 5449 585 5503 considero.
600 5447 674 5502 ucri
686 5458 773 5501 auteur
825 5462 882 5501 eant
896 5446 922 5498 irs
935 5442 1064 5514 Eplrrsts,
1078 5443 1219 5496 invenimur
1232 5455 1286 5493 enm
1308 5439 1333 5490 in
1346 5436 1444 5506 scrupis
1457 5435 1536 5489 silure.
1557 5435 1612 5488 bu·

101 5542 366 5611 tseeterrmperrem
384 5541 482 5609 templi,
495 5548 583 5594 contro
598 5539 728 5593 Orientem
739 5539 773 5591 ud
825 5535 1018 5604 dirnnsqnippe
1032 5534 1058 5587 in
1074 5532 1201 5601 Epitrata,
1213 5528 1238 5583 id
1252 5536 1304 5592 est,
1324 5527 1350 5580 in
1366 5525 1501 5581 bestrteem
1521 5536 1611 5577 sacra·

101 5628 445 5689 udelscirrecdemtnric
459 5630 619 5698 peritomen
633 5628 773 5682 andrica-
825 5637 914 5683 menta
942 5623 1086 5688 dominica,
1114 5623 1177 5691 prtia
1193 5620 1339 5676 revelatum
1361 5632 1409 5686 per
1424 5614 1568 5687 propbetas
1580 5616 1615 5670 ile

101 5727 233 5786 ιιΙιιιιοιιι
247 5726 302 5783 sit:
327 5728 368 5782 ild
390 5728 522 5782 dexteram
544 5736 644 5794 portent
670 5724 771 5794 tnrrplt,
825 5719 945 5791 lupae,
957 5730 1016 5788 qrsae
1034 5722 1091 5772 erat
1103 5727 1136 5771 es
1157 5710 1250 5779 eadem
1265 5708 1384 5779 civitate,
1400 5707 1434 5763 de
1448 5706 1533 5763 iructu
1548 5721 1613 5761 scu·
