3794 6120
147 266 201 326 283
409 270 512 326 1111)AE
534 268 760 326 teuttttttttts
776 266 917 324 offitii!
936 266 1030 323 utus
1046 267 1078 322 ΙΙ.
1097 296 1133 311 -
1151 269 1346 329 extentes
1365 272 1525 329 ninivitis.
1716 277 1776 331 stt

147 382 254 447 tientes,
268 382 297 437 in
311 382 419 436 mutilum
442 395 582 435 certorum
597 377 792 433 usosoenduet
804 374 931 446 immica-
943 378 970 437 Λ
982 386 1091 431 rentum
1106 379 1317 448 proplietantes,
1341 394 1403 435 cum
1417 395 1514 452 magno
1529 381 1663 439 desiderio
1679 386 1769 442 iutrar-

146 480 237 526 menta
254 490 262 538 ;
277 486 308 527 ac
322 471 428 528 sessim
443 484 475 526 ac
489 469 612 525 sublimia
629 470 789 525 mutilantes
798 467 863 522 dant
874 468 932 523 elo·
982 468 1117 521 nationem
1129 469 1203 523 iilius
1222 480 1456 538 suspectarernnt,
1479 473 1513 527 ile
1526 472 1624 541 quibus
1640 472 1769 533 bolotinus

145 561 238 631 spurium
253 560 471 630 pulchritudiuis,
497 559 676 629 srsotmmes
696 557 932 625 nnieenissenti·
980 554 1064 610 dicit:
1089 555 1167 610 flulti
1180 559 1310 625 propio:
1325 560 1421 629 erjssti
1442 560 1578 627 cupierant
1601 562 1686 616 uidere
1709 581 1770 634 pun·

146 652 196 707 bus
223 652 372 707 doctrinam
397 653 556 708 Sobatoris.
572 651 707 708 lismtiter
727 666 834 722 qirotne
849 651 932 706 tome
980 660 1025 700 ros
1039 648 1140 701 minis.
1157 648 1188 703 lli
1203 664 1268 719 ergo
1281 652 1346 705 dicti
1361 662 1425 706 sunt
1438 652 1541 718 colles,
1556 664 1665 724 propter
1677 659 1768 713 excel·

145 752 237 800 posses
251 743 377 810 interior,
400 744 445 814 uui
461 745 540 814 psum
563 755 626 800 ante
639 759 708 815 pase
729 742 821 814 piupm
834 755 930 796 reses
981 735 1092 792 lentim
1105 742 1266 803 numinis,
1289 743 1334 811 qui
1347 743 1428 797 ιιιιιιι
1443 754 1571 800 rocnntur
1587 746 1691 814 aeterui,
1705 750 1775 818 quia-

144 833 232 901 brtur,
248 834 293 904 qui
307 833 410 889 scilicet
425 836 501 905 panis
514 834 686 890 contirmarit
699 848 747 888 eor
760 832 929 899 tto-isitius,
981 827 1062 883 tilam
1087 839 1288 901 commonetur
1313 841 1452 888 aternam
1479 833 1558 890 Fiunt
1573 838 1599 891 ie
1615 836 1766 909 cepistis-

145 941 198 981 uon
213 924 358 995 incongrue
370 940 467 982 cerrus
478 928 596 982 muisstta
618 924 728 989 dicitur,
752 927 818 994 quia
835 922 927 978 nnsis
981 925 1070 989 mraei,
1082 923 1118 978 de
1130 939 1184 993 uuo
1196 927 1328 995 scripmtn
1340 935 1382 982 est
1398 944 1405 979 z
1422 926 1551 992 Quoniam
1566 927 1708 985 Noeoraear
1722 947 1766 986 uo·

146 1030 250 1072 terrena
274 1017 435 1087 despiciens,
460 1032 536 1072 urere
549 1031 691 1072 morum
706 1016 733 1071 in
747 1015 868 1071 excelsis
882 1027 933 1083 ps·
980 1015 1169 1072 minatur-sa
1182 1028 1209 1073 et
1219 1016 1334 1088 ioseph,
1348 1019 1495 1074 seeundum
1511 1018 1697 1090 AEsyptiorum
1713 1022 1772 1077 sci--

144 1110 247 1173 scitur:
276 1118 412 1177 totumque
423 1107 581 1164 iltesanrnnt
592 1108 621 1162 in
632 1107 704 1163 cislo
725 1106 930 1171 collocet,sbi‚
982 1110 1043 1164 licet
1065 1109 1193 1177 iusum,
1217 1110 1334 1165 salrator
1356 1112 1448 1166 muudi
1474 1112 1544 1167 inter
1564 1111 1671 1175 lintres,
1696 1115 1765 1171 iuter

141 1200 216 1266 jrrrta
231 1197 412 1270 Etnmellum,
425 1213 509 1269 muso
520 1210 548 1255 et
563 1197 633 1254 tinea
647 1213 701 1253 noa
713 1196 869 1252 detuolltur.
893 1196 927 1252 ttr
981 1212 1088 1254 unctos
1101 1216 1170 1269 quos
1193 1202 1250 1270 ipse
1264 1201 1361 1257 iratres
1384 1214 1473 1257 uocat.
1498 1203 1634 1259 linealiter
1657 1221 1765 1276 quoque

142 1296 204 1341 tunc
224 1287 324 1356 simis
344 1288 555 1357 peirbritsdiris‚
576 1288 602 1342 id
622 1286 929 1354 “comtemplationis
982 1289 1063 1359 isqui
1078 1290 1142 1346 idei
1155 1293 1276 1361 prolecto
1300 1301 1329 1347 et
1341 1293 1502 1362 supradictis
1515 1295 1640 1362 gradibus
1654 1295 1681 1350 itt
1706 1304 1771 1350 tutt-

141 1393 275 1448 supernae,
287 1377 445 1435 documenta
459 1378 569 1448 proteri.
580 1377 665 1465 Filius
676 1374 926 1443 nominasti
982 1389 1037 1433 tum
1050 1382 1178 1448 creuerit,
1191 1391 1222 1437 nt
1231 1398 1316 1452 aeque
1328 1383 1362 1437 ad
1377 1383 1504 1438 insidiam
1519 1385 1688 1441 asltersarios
1703 1399 1765 1454 pro-

144 1469 234 1538 utiuue
247 1468 274 1522 in
286 1469 421 1536 pentibus,
434 1470 478 1537 utri
500 1482 562 1523 cnm
575 1469 612 1523 ob
631 1467 848 1522 incredulitatem
862 1481 931 1537 syn·
983 1481 1069 1537 voest,
1091 1486 1144 1526 nos
1157 1472 1292 1528 immerito
1310 1472 1407 1527 dicitm
1428 1487 1602 1540 accrescens,
1616 1483 1644 1528 et
1656 1489 1709 1529 uon
1723 1490 1766 1530 se·

143 1558 429 1628 agogamrelinuisset,
445 1557 551 1627 plebem
567 1557 618 1613 sibi
632 1560 801 1611 innumeram
815 1571 848 1611 es
861 1570 931 1624 pen·
981 1559 1046 1624 met,
1059 1559 1108 1614 red
1129 1559 1170 1615 bis
1184 1575 1341 1618 armarere
1364 1564 1558 1632 pronuntietur.
1584 1561 1611 1616 lu
1627 1563 1678 1618 ilde
1693 1562 1765 1618 enim

141 1650 211 1703 tibus
225 1648 409 1719 congregarit.
439 1647 479 1703 be
493 1647 544 1702 boc
559 1646 642 1703 llarid
657 1646 744 1701 diest:
768 1645 930 1701 cosmus·
981 1649 1205 1716 etmmreomnis
1215 1651 1469 1720 perlectuscrescit,
1484 1653 1641 1708 eidecurua
1655 1654 1771 1721 dicitur,

139 1750 182 1794 tur
191 1740 226 1793 nd
236 1738 491 1795 bomiusmsuinsrsi
498 1739 654 1808 inerma.
663 1735 932 1808 Sequiurtiletorss
944 1713 972 1773 Β
982 1740 1045 1805 rpuia
1056 1739 1101 1792 illa
1112 1738 1168 1808 jars
1181 1741 1368 1810 pulchritudo,
1391 1743 1417 1798 in
1431 1758 1483 1812 utra
1504 1743 1660 1799 naturaliter
1682 1744 1766 1803 iactus

140 1840 255 1898 aspectu.
270 1831 386 1899 Superat
406 1832 478 1886 enim
493 1846 589 1887 onmes
601 1831 674 1885 illins
688 1828 870 1900 pstetrttoto,
895 1828 932 1884 de
981 1838 1032 1893 est,
1049 1830 1076 1883 is
1089 1843 1124 1885 en
1137 1841 1290 1887 retrosstur.
1311 1832 1353 1887 llis
1367 1849 1447 1903 quam
1461 1834 1688 1904 pulchritudinem
1704 1836 1766 1891 titis

138 1938 191 1993 uiso
205 1922 322 1980 dicitur:
337 1922 475 1993 speciosos
489 1924 572 1991 lormo
587 1939 641 1992 pree
650 1924 713 1993 filiis
725 1922 868 1977 bominem.
879 1918 931 1976 tt·
980 1920 1056 1974 illurn
1068 1920 1104 1975 de
1118 1936 1196 1977 muro
1209 1923 1344 1989 siderum,
1364 1939 1396 1979 nc
1409 1923 1572 1979 desiderant.
1595 1924 1700 1980 Sairetse
1716 1929 1766 1980 uti·

139 2016 181 2068 lioe
195 2015 360 2069 desumerent
373 2030 451 2081 super
469 2031 584 2081 merens,
610 2015 703 2080 idest,
723 2015 863 2085 senentio
886 2014 929 2070 rel
979 2026 1032 2080 oue
1044 2012 1142 2066 auimae
1162 2027 1243 2082 super
1264 2030 1369 2069 murum
1390 2014 1452 2071 idei
1475 2014 1607 2081 fundatas,
1626 2016 1766 2085 perlectio-

142 2104 341 2175 tociensque
355 2104 527 2160 crediderunt
552 2106 578 2160 iu
598 2103 744 2161 Obsitum.
768 2105 832 2161 iiaee
848 2120 930 2175 super
980 2115 1040 2154 uem
1055 2098 1126 2157 iliius
1140 2104 1250 2172 cupiunt
1265 2102 1356 2160 uidere
1368 2112 1396 2160 et
1409 2105 1529 2170 inritnri;
1554 2107 1601 2161 sed
1617 2122 1766 2178 exaspern-

140 2195 302 2251 soliditotem
316 2195 389 2263 littei,
404 2195 481 2267 quasi
492 2210 574 2266 super
587 2212 692 2252 murum
704 2211 797 2253 amore
810 2198 930 2268 pulcbri.
979 2204 1074 2249 rerunt
1089 2194 1169 2249 taleni
1182 2204 1304 2250 sanctum
1318 2196 1465 2264 &innuen
1480 2197 1609 2252 babentes
1621 2198 1702 2267 igtrito
1717 2213 1765 2253 ne·

141 2284 239 2340 tudinis
249 2283 348 2340 Christi
358 2299 510 2341 ascensore
520 2285 686 2355 discurrunt,
703 2297 732 2340 ut
743 2301 836 2343 serum
846 2302 929 2356 spon·
977 2285 1069 2353 quitiae
1080 2285 1181 2352 jacula.
1195 2285 1293 2340 taram
1306 2287 1377 2341 euim
1388 2287 1498 2356 sagittas
1509 2302 1581 2352 suas,
1598 2297 1625 2342 ut
1639 2289 1772 2358 sapitisne.

139 2390 198 2430 sum
215 2391 263 2444 per
273 2377 528 2444 contemplationem
542 2377 685 2447 aspiciant,
703 2388 733 2434 et
745 2380 839 2434 osculo
851 2383 926 2434 cira-
978 2374 1004 2428 iu
1018 2375 1133 2429 obscuro
1148 2384 1238 2431 rectos
1251 2375 1343 2431 corde.
1364 2376 1418 2432 Sed
1432 2377 1458 2431 iu
1474 2377 1535 2433 lorti
1546 2393 1624 2433 arcus
1637 2378 1719 2445 itlius,
1735 2379 1762 2435 iu

136 2467 223 2523 sitatis
246 2466 283 2522 itti
311 2468 481 2538 copulentur.
514 2468 568 2523 Sed
591 2470 721 2540 oijsrputi
752 2479 812 2525 seut
837 2470 924 2535 illem,
977 2466 1079 2521 diuinis
1090 2467 1195 2523 scilicet
1207 2468 1371 2538 punientibus
1384 2484 1463 2524 arcus
1476 2470 1581 2525 uirtutis
1603 2470 1674 2525 illius
1690 2473 1764 2541 pos³-

137 2560 246 2630 nutando
279 2559 352 2615 iststs
377 2560 539 2618 testimoniis
562 2563 775 2627 calumnienter,
801 2574 925 2619 moretum
978 2568 1033 2626 tus,
1047 2575 1080 2614 rx
1094 2575 1149 2628 ouo
1161 2560 1216 2629 iam
1231 2561 1429 2630 nummulum
1441 2562 1589 2618 orationum
1605 2577 1713 2618 surarum
1728 2563 1770 2618 nt

140 2652 245 2708 bomini
267 2654 419 2723 opprimere
443 2668 587 2726 synagogae
613 2655 703 2724 popuii
728 2654 924 2724 cogitauerunt.
976 2651 1179 2719 persequendos
1204 2651 1326 2706 iitinicos
1345 2651 1464 2718 emittit;
1489 2661 1517 2707 et
1546 2651 1676 2706 dissoluta
1699 2662 1761 2708 sunt

137 2744 289 2800 isrsidsrnut
304 2746 344 2800 itti
363 2746 481 2801 inientes
495 2762 595 2818 pnnqss
611 2749 715 2820 jussis,
741 2748 833 2818 usqum
852 2749 925 2803 enim
978 2742 1095 2806 vincula,
1120 2742 1217 2811 quibus
1239 2742 1313 2797 illum
1333 2743 1432 2798 inimici
1456 2743 1531 2812 lipari
1546 2744 1697 2811 cupierunt,
1713 2759 1762 2811 per

137 2837 277 2908 pruisquam
296 2836 323 2892 io
338 2836 436 2907 ioseph
452 2837 569 2908 coniecit
589 2839 721 2907 sagium,
744 2839 787 2894 ret
813 2837 921 2907 aliquod
977 2832 1101 2887 uirtutem
1115 2832 1161 2887 [tei
1175 2830 1269 2887 iacob.
1293 2833 1328 2888 Et
1341 2842 1404 2888 tunc
1418 2832 1510 2903 incipit
1525 2842 1615 2903 pastor
1628 2847 1690 2888 esse
1704 2836 1762 2889 arii·

136 2929 255 2983 sustineris
270 2928 362 2983 telum.
375 2928 428 2984 Sed
443 2928 494 2984 tsoc
506 2930 660 3000 specialiter
672 2931 699 2983 trs
713 2928 849 2985 corutum
859 2944 924 2985 sss.
976 2937 1090 2988 marum,
1105 2928 1132 2978 et
1147 2923 1173 2977 irt
1188 2922 1294 2978 modum
1307 2923 1443 2978 durissimi
1458 2923 1553 2992 lapidis
1564 2937 1616 2977 uon
1632 2923 1763 2979 uisscituri

135 3022 183 3083 ιιι,
198 3023 241 3074 oo
257 3021 284 3074 to
299 3020 361 3090 (ortt
374 3020 445 3075 tritus
458 3037 544 3077 arcus.
560 3021 684 3077 corteno
699 3035 792 3077 areum
806 3036 883 3077 snum
896 3030 962 3118 “c
977 3012 1046 3068 usus
1058 3014 1130 3068 enim
1145 3013 1321 3081 pannutius,
1344 3012 1370 3067 ut
1384 3022 1436 3077 est,
1458 3012 1587 3082 tuemini·
1604 3011 1761 3081 preosten-

134 3127 206 3166 aima
219 3111 351 3180 pugnandi
365 3112 454 3182 posuit
469 3113 496 3167 in
512 3113 578 3177 beo.
599 3113 676 3182 cujus
691 3115 789 3169 uirtute
801 3112 922 3170 eonlrin·
976 3106 1051 3173 uum,
1060 3106 1105 3176 ilfi
1116 3105 1289 3174 Ψῑῐῑωθῑῑῑθῐ
1302 3105 1380 3160 Ιθῦῑθ
1390 3115 1490 3176 illm·
1499 3104 1605 3176 ibium?
1615 3113 1658 3160 ⁸⁵¹
1670 3104 1765 3160 ”⁰5⁰⁹

133 3202 439 3271 pitusousnisssequitin
464 3200 638 3270 perfidorum.
663 3202 840 3258 ls'tds'ssoisstn
863 3214 922 3259 ussi
973 3197 1101 3267 cttjtttqtte
1114 3195 1265 3262 minutioni
1281 3195 1506 3266 trocpronrittitur
1521 3212 1527 3247 :
1542 3192 1577 3248 Et
1599 3199 1768 3262 omnipotens

133 3291 235 3345 sinesin
250 3290 413 3345 brachiorum
439 3292 507 3361 ejus,
532 3294 628 3363 quibus
652 3291 749 3349 issum
770 3295 844 3350 tutum
861 3295 922 3350 sin.
972 3290 1110 3343 uirtutibus
1119 3288 1252 3341 obtrudere
1264 3286 1339 3341 iilum
1349 3287 1410 3356 feeit
1423 3285 1637 3340 benedictionibus
1646 3284 1702 3339 oceli
1717 3284 1761 3338 de·

134 3391 207 3434 ctum
217 3379 250 3434 nd
267 3381 380 3434 Pilatum
393 3381 540 3450 tororum,
557 3383 598 3437 uei
612 3384 708 3454 qutibus
719 3385 794 3439 illum
808 3386 835 3438 in
851 3384 923 3454 ligno
971 3397 1059 3450 super.
1073 3390 1098 3436 st
1108 3379 1414 3449 benedictionibsssbpssi
1422 3378 1533 3449 inseritis
1543 3380 1674 3432 deorsum.
1689 3379 1761 3430 Con·

134 3486 294 3539 susspensum
304 3470 502 3527 crucifixerunt.
511 3474 632 3529 ttescisss
647 3484 710 3530 sunt
722 3478 793 3532 ertim
807 3493 853 3546 per
867 3493 922 3531 ιιι.
972 3470 1143 3541 teuiplatiune
1157 3469 1228 3525 enirn
1240 3470 1389 3525 coelestium
1403 3468 1528 3533 satietur,
1544 3477 1573 3523 et
1585 3466 1767 3533 intelligentia

132 3575 192 3613 riom
205 3560 313 3628 poteritis
327 3559 418 3628 insol,
434 3562 461 3617 id
475 3575 528 3631 est,
542 3563 591 3620 bei
605 3563 697 3630 iacob,
722 3581 755 3621 er
775 3568 851 3637 cujus
876 3583 922 3624 se·
971 3561 1185 3630 Scripturarurn,
1209 3573 1276 3629 quas
1301 3575 1353 3614 nnn
1381 3558 1514 3613 immerito
1539 3564 1647 3627 proptor
1667 3571 1762 3612 sarru-

132 3652 203 3705 uriue
228 3652 284 3720 ipse
304 3650 431 3706 Dominus
455 3653 535 3708 iones
550 3663 637 3725 postor
651 3671 766 3728 spretus
779 3664 828 3722 est,
853 3656 920 3725 bpis
970 3660 1119 3707 meritorum
1131 3650 1326 3706 obscuritatem
1337 3650 1572 3719 abyssumrocat3
1585 3655 1613 3702 et
1627 3645 1696 3701 sicut
1712 3660 1762 3714 per

131 3755 155 3796 et
170 3743 278 3811 institas
293 3742 449 3798 nedesttiuru
466 3745 493 3799 iu
516 3742 610 3802 iunci.
632 3751 701 3801 ttsss
721 3749 850 3815 patrissui
871 3749 920 3803 erit
970 3742 1032 3798 emti
1063 3741 1277 3797 benedictionem
1308 3739 1412 3794 satietis
1442 3736 1633 3808 promittuntur
1658 3747 1759 3792 aeterna

131 3836 237 3903 adjutor
250 3847 319 3889 tuus.
342 3838 410 3900 ituit
429 3837 529 3906 adjutrit
551 3839 646 3906 lilium,
674 3840 725 3894 uisi
740 3840 810 3895 Deus
831 3849 920 3907 pater.
968 3836 1091 3906 ptuit,
1118 3835 1158 3889 sie
1175 3848 1222 3902 titt·
1235 3831 1449 3887 benedicibilem
1466 3828 1557 3901 ablissi
1580 3828 1763 3899 lllffldlfflssffll'

130 3925 174 3993 uui
190 3926 216 3978 in
231 3927 332 3981 unitate
346 3941 427 3981 unum
442 3929 519 3982 astuti
539 3928 592 3983 Sed
607 3944 655 3996 pro
670 3944 783 3997 persona
797 3931 919 3997 corporis
969 3927 1021 3980 iliis
1035 3926 1062 3981 in
1079 3924 1204 3993 praesenti
1220 3922 1319 3977 saecmo
1335 3920 1461 3975 nonnulla
1475 3919 1580 3974 solatia.
1597 3916 1760 3972 Benedictio·

131 4015 237 4081 dicitur,
252 4016 323 4084 quod
335 4015 436 4070 rutilio
450 4017 541 4072 diuino
555 4017 679 4089 indiguit,
700 4020 770 4074 siem
782 4020 809 4075 in
824 4019 918 4074 Eran-
969 4016 1045 4071 uites
1057 4015 1163 4070 ubsrum
1173 4023 1198 4070 et
1212 4012 1303 4068 subo.
1327 4012 1437 4067 Constat
1450 4010 1523 4065 euim
1536 4022 1597 4065 csse
1610 4007 1765 4077 apostolice

130 4105 200 4173 pelio
213 4105 329 4161 dicitur:
346 4105 473 4177 Apposuit
495 4108 535 4162 illi
552 4109 660 4181 nupsisse
679 4111 710 4166 de
729 4111 793 4166 rulo
814 4114 918 4183 conssr-
969 4107 1063 4175 ubera,
1077 4106 1203 4176 equibus
1217 4111 1339 4160 recentes
1353 4102 1440 4157 adhuc
1454 4101 1481 4156 in
1493 4099 1556 4165 llds,
1570 4114 1602 4155 ac
1615 4101 1688 4155 telut
1700 4114 1759 4169 par·

130 4207 186 4251 tons
200 4213 279 4252 eum:
300 4198 515 4255 benedictionibus
528 4200 585 4256 culi
596 4204 717 4271 desuper,
734 4204 918 4259 benedictioni·
970 4199 1024 4253 ruli
1043 4197 1204 4266 percipiunt,
1226 4203 1255 4248 ut
1266 4195 1300 4249 ad
1319 4191 1506 4262 perfectiorem
1521 4191 1611 4247 cibum
1625 4190 1760 4260 praedica-

129 4288 174 4339 bus
187 4287 271 4357 abyssi
281 4290 392 4360 jacentis
401 4289 532 4344 morsum.
558 4288 688 4346 llriiuersa
715 4293 787 4347 enlm
801 4293 917 4364 subjecit
970 4291 1050 4345 tionis
1061 4291 1228 4360 perueniant.
1251 4286 1328 4344 Unde
1341 4284 1408 4340 dicit
1430 4283 1596 4354 Apostolus:
1620 4279 1674 4337 tec
1687 4282 1764 4336 sotis

129 4380 165 4441 ei,
181 4378 299 4432 coelestia
328 4393 375 4447 per
391 4379 602 4434 benedictionem
615 4382 688 4447 cmii,
698 4391 726 4437 et
739 4392 844 4438 terrena
866 4400 915 4455 per
932 4393 1056 4459 [sporum
1068 4380 1140 4447 dedi,
1155 4396 1206 4434 nou
1216 4395 1317 4434 escour:
1336 4376 1438 4432 habens
1452 4374 1575 4431 uidelicet
1589 4374 1672 4429 uerba
1684 4373 1757 4430 duo·

129 4464 341 4522 benedictionem
354 4470 456 4540 abyssi,
480 4479 508 4524 ut
522 4471 625 4542 angelis
646 4481 674 4526 et
691 4472 845 4529 horninibus
867 4477 917 4530 do·
969 4488 1027 4526 rum
1041 4471 1290 4532 testamentorum,
1314 4468 1356 4523 tol
1370 4467 1539 4523 dilectionem
1554 4463 1602 4520 bei
1625 4473 1653 4519 et
1666 4464 1758 4532 prosi·

129 4555 294 4610 mluaretut:
319 4555 554 4614 benedictionibus
579 4561 691 4616 uberum
717 4564 775 4619 site
799 4564 915 4621 duorum
969 4562 1015 4618 uti.
1032 4563 1093 4618 lime
1103 4562 1222 4617 Ecclesia
1236 4560 1384 4628 spiritalem
1401 4558 1586 4629 sulcumque
1600 4572 1653 4610 non
1667 4556 1757 4611 solutu

129 4644 372 4713 Testameutomut,
388 4662 501 4717 otiorum
515 4651 599 4705 altero
614 4652 751 4708 nuntiatus
761 4661 814 4721 est,
831 4655 918 4710 altero
967 4655 1053 4722 pariat
1078 4652 1169 4717 litios;
1203 4651 1251 4707 sed
1278 4649 1330 4705 etsi
1358 4648 1426 4704 torte
1447 4645 1639 4704 declinaverint
1667 4660 1683 4699 a
1712 4644 1762 4698 ria

128 4740 326 4795 stremonstratue
339 4750 399 4795 est:
415 4741 472 4797 sire
486 4742 717 4799 benedictionibus
731 4744 846 4801 uberum
862 4747 917 4801 lis·
968 4745 1099 4810 vertutis,
1120 4744 1214 4799 iterum
1240 4742 1379 4812 parturiat.
1403 4738 1594 4794 benedictiones
1616 4738 1697 4804 porris
1718 4738 1761 4792 tsi

130 4833 187 4886 tius.
202 4829 277 4886 Unde
291 4839 318 4886 et
345 4831 389 4886 itta
408 4832 503 4888 mulier
525 4834 551 4889 iu
577 4834 723 4904 Eraupeliu
742 4839 799 4892 ait:
823 4835 918 4892 Beatus
966 4840 1116 4909 confortator
1135 4845 1194 4889 sartt
1209 4832 1424 4888 benedictionibus
1435 4841 1538 4900 potrum
1550 4838 1662 4883 tuorum.
1675 4825 1758 4885 Patet

127 4934 211 4977 uenter
224 4924 268 4994 qui
280 4932 306 4979 ts
319 4926 436 4994 portauit,
459 4935 485 4978 rt
507 4926 585 4979 ubere
606 4940 663 4995 pute
682 4928 784 4981 resisti.
807 4927 918 4983 Benedi·
967 4925 1176 4991 innotescecent
1191 4924 1326 4979 dicimus:
1350 4920 1430 4976 Pater
1443 4931 1528 4975 noster
1538 4919 1583 4990 poti
1592 4934 1619 4973 es
1633 4919 1660 4971 in
1673 4917 1756 4984 osis,

127 5015 251 5070 trionibus
262 5015 368 5070 ubsrum
383 5026 406 5070 st
419 5017 510 5071 oulen.
522 5016 570 5071 llic
581 5015 748 5072 benedicitur
763 5019 839 5074 tulta
856 5018 916 5089 ejirs
965 5017 1011 5088 quii
1025 5015 1135 5072 elesius
1159 5027 1253 5069 maistre
1269 5013 1296 5066 iu
1311 5010 1451 5075 Betltnma,
1476 5023 1524 5079 pes
1537 5007 1760 5063 bertedictlonens

128 5108 230 5171 irtatris,
245 5121 304 5175 quise
319 5107 410 5174 utique
424 5106 558 5177 virginalis
572 5107 649 5161 nobis
662 5108 803 5161 ὓοιιιιιιιιιιι
819 5109 914 5164 estitit.
965 5109 1143 5177 apostolorum
1158 5119 1207 5159 nos
1230 5101 1375 5157 benedicit.
1390 5100 1482 5154 Patres
1497 5109 1586 5153 utitem
1597 5106 1661 5152 suut
1675 5096 1757 5152 Chri·

128 5194 321 5251 Bettedictiones
329 5198 452 5267 poti-istst
464 5200 619 5267 confortatos
629 5208 687 5251 suut
694 5196 913 5254 benedictionibus
964 5199 997 5250 sti
1013 5192 1178 5263 patriarchae,
1193 5190 1334 5260 dequibus
1348 5187 1491 5257 Apostolus
1502 5187 1559 5241 ait:
1575 5185 1694 5252 Ωιιιιιιιιι
1708 5203 1760 5255 po·

127 5299 227 5361 potrum
240 5307 369 5347 emturum
388 5299 500 5347 tuorum.
519 5291 592 5346 Uitru
607 5304 689 5344 otnue
702 5289 774 5343 enisu
789 5289 913 5343 meritum
964 5301 1025 5349 tres,
1037 5297 1101 5340 stes
1119 5285 1210 5355 quibus
1228 5281 1343 5336 Citriststs
1354 5278 1494 5333 meotidem
1506 5293 1619 5343 comem,
1644 5292 1754 5345 quioraat

126 5390 278 5437 strictorem
294 5381 509 5455 patriarcharum
525 5382 582 5436 sire
595 5381 798 5450 prophetarum,
814 5395 913 5436 corius·
964 5378 1193 5433 dir·iuotiouibuset
1204 5374 1420 5429 bersedirtiouiiss
1435 5373 1605 5442 uiuuspuisqes
1617 5372 1647 5426 itt
1661 5369 1756 5427 Ecde-

126 5472 173 5524 tuit
188 5471 340 5529 benedictio
356 5474 439 5543 putris
454 5474 480 5528 in
496 5475 561 5530 titio.
574 5472 668 5541 Patris,
690 5469 727 5525 ita
741 5478 772 5524 ιιι
786 5473 810 5528 ei
823 5474 913 5529 nullus
963 5473 1002 5525 sin
1022 5470 1113 5524 utitor.
1135 5468 1222 5523 Dmtsc
1239 5467 1335 5522 ueniret
1356 5465 1508 5520 desidorium
1528 5463 1633 5518 collisus
1643 5458 1757 5519 stimer-

126 5562 256 5632 iustorum
270 5566 436 5631 admonetur,
448 5567 529 5622 donec
541 5567 634 5622 reniret
642 5565 796 5620 desideriunt
805 5564 912 5619 roliisuu
963 5579 1030 5617 suut.
1041 5561 1117 5617 Turne
1135 5563 1224 5616 ueniet
1244 5558 1406 5615 desiderium
1417 5560 1584 5623 sauctorum,
1598 5570 1661 5611 curn
1673 5556 1750 5626 juria

127 5670 292 5713 eternorum.
308 5655 396 5713 Colles
410 5660 503 5714 aeterni
518 5656 580 5714 lecti
592 5667 664 5725 suut,
679 5655 725 5727 usti
739 5655 839 5713 Christi
853 5654 907 5711 ad·
961 5655 1118 5725 Apostolum
1133 5654 1203 5708 ibunt
1224 5649 1324 5707 obuium
1334 5648 1457 5713 cbristo:
1476 5657 1503 5703 et
1516 5649 1556 5705 sic
1567 5661 1677 5711 semper
1690 5661 1749 5702 otuu
