3794 6120
151 327 207 384 'ibo
565 320 596 376 tri
616 320 737 379 liunus
757 317 881 378 nuduli
903 314 1137 386 QUAESTIONUM
1159 319 1232 376 XXX
1253 320 1316 377 litt.
1337 318 1358 376 l.
1729 322 1782 380 ist

150 452 239 497 tortrm
255 437 354 507 prabet
365 432 486 499 delicias,
503 433 588 502 posita
608 447 652 487 ara
668 430 818 487 saerilcere
842 430 980 491 dumo-A
996 430 1140 488 Artdientes
1152 431 1238 489 Greci
1260 434 1293 489 ab
1307 432 1442 503 israelitis,
1463 447 1530 505 qttos
1544 434 1648 490 divium
1671 435 1773 490 babere

150 530 242 598 nibus,
260 527 427 598 nclnnduque
439 525 494 597 igni
507 539 569 579 suos
581 538 738 580 consecrare
753 522 868 588 liberos,
884 521 941 578 sinc
995 523 1097 579 litteras
1109 524 1176 578 lama
1189 525 1327 595 prodebat,
1349 525 1498 594 predicari,
1519 525 1590 595 quod
1606 525 1679 580 illias
1692 540 1775 582 curru

151 624 338 680 holocaustum
354 619 462 681 ollerre,
474 616 542 672 sieut
556 617 582 671 in
594 616 662 671 libro
675 613 822 669 Verborum
837 612 941 667 diemnt
994 611 1072 683 igneo
1092 624 1120 669 et
1133 615 1207 684 egiris
1227 614 1262 669 sit
1283 615 1409 686 igneisad
1419 615 1539 671 enuntia
1559 616 1721 685 translatus,
1736 616 1783 672 rel

151 720 187 773 de
199 715 288 771 belna
304 728 366 779 rege
379 710 507 779 seriptum
522 717 563 763 est
589 725 597 762 r
623 706 683 779 lpse
706 714 743 761 est
760 707 804 774 eni
831 704 943 759 edeleeit
994 712 1067 760 certe
1080 703 1131 760 lroc
1146 706 1232 775 ipsum
1247 705 1379 760 lateralia
1399 705 1533 774 depictum
1558 706 1585 761 ia
1610 708 1713 777 pariete
1736 707 1780 761 ri·

152 809 284 862 incensum
296 804 400 858 inaelle
414 801 561 865 llenennon,
573 798 722 854 elluatrnoit
745 796 812 864 tilios
834 811 895 850 seca
914 797 942 848 ln
994 795 1096 861 dentes,
1113 796 1294 866 crediderunt,
1321 797 1415 851 ricinia
1430 798 1537 864 decepti
1556 798 1685 864 nominis,
1712 797 1778 855 solis

151 901 220 971 igne.
237 897 382 952 benerrnon
403 893 534 965 siquidem
564 891 645 946 lllium
673 890 766 946 Ennou
794 886 937 956 signilleat.
995 885 1038 942 lric
1052 888 1190 941 transitum
1206 888 1611 958 pcrcoeloseasedesignrtum,
1627 889 1777 945 etmiraeu·

151 986 237 1041 i'allis
258 994 346 1039 autem
372 983 466 1038 Eunon
496 981 593 1036 dicitur
619 979 748 1035 liebraiee
774 976 940 1040 Geltennon,
995 975 1049 1030 lum
1064 977 1190 1032 diuinitus
1215 978 1312 1031 lactum
1327 987 1560 1033 eotrrmutaaerunt
1583 981 1610 1034 in
1632 994 1777 1049 argumen-

151 1073 349 1147 cujuanomine
363 1075 389 1128 ln
405 1073 479 1129 Nure
493 1072 666 1127 Testamento
689 1082 767 1139 poeua
794 1066 942 1122 interorum
995 1074 1051 1119 tum
1065 1067 1175 1132 erroris,
1188 1067 1302 1122 bumana
1324 1068 1435 1122 stultitia
1454 1078 1679 1136 erm-entatum
1709 1085 1777 1139 quoa

150 1166 276 1237 gebenna
288 1162 502 1234 cognominatur,
517 1161 579 1230 nuria
594 1159 721 1215 nimirum
734 1159 803 1214 sieut
826 1156 854 1210 in
878 1169 942 1211 con·
994 1155 1089 1213 imitati
1104 1158 1153 1227 ipsi
1167 1157 1262 1226 iudai,
1276 1168 1429 1229 mtegerunt
1439 1174 1473 1214 ne
1486 1161 1514 1215 in
1531 1161 1621 1231 aliquo
1634 1161 1773 1231 gentilium

152 1256 223 1312 ralla
237 1255 345 1321 Ennon,
357 1255 402 1323 qui
427 1252 505 1308 idolis
517 1250 667 1307 servierunt
693 1250 720 1304 in
745 1263 787 1314 ea,
802 1245 941 1318 prophetis
993 1250 1158 1306 stultissimis
1169 1251 1256 1307 minut
1269 1251 1343 1308 stulti
1359 1261 1493 1323 parerent.

150 1346 352 1412 enatantibus,
368 1346 515 1416 perierunt,
531 1343 567 1399 ita
580 1350 736 1412 peccatores
751 1356 785 1397 es
809 1340 853 1395 bis
881 1353 941 1409 qun

150 1444 333 1507 necaverunt
345 1443 444 1491 eterna
455 1433 625 1490 damnatione
646 1431 797 1502 punientur.
821 1429 941 1500 lienique

150 1521 356 1580 ieremiascum
378 1519 459 1576 relect
481 1516 712 1590 praesenserint
737 1515 891 1581 Dominum,
913 1521 942 1570 et

150 1614 275 1670 dixisse:
292 1611 420 1684 Emedm
444 1612 478 1665 ed
501 1610 593 1666 sellem
620 1609 670 1679 tlt
696 1606 800 1674 Ennea,
824 1622 881 1674 gne
903 1617 940 1660 est

150 1705 226 1772 iaxta
240 1705 372 1760 introitum
384 1716 464 1774 portae
477 1702 597 1767 Fictilia,·
617 1703 696 1774 pnnlo
709 1711 768 1772 post
789 1701 853 1757 dicit
873 1719 880 1755 :
909 1700 941 1755 llt

150 1815 204 1854 aron
225 1799 357 1852 nocebitur
371 1796 442 1853 loces
455 1798 503 1852 t'ste
516 1796 627 1868 emplius
644 1796 752 1865 Topltet,
767 1802 790 1849 et
804 1795 878 1849 cellis
893 1793 941 1862 filii

151 1886 257 1956 Ennea,
273 1890 318 1943 sed
334 1887 407 1943 cellis
424 1886 584 1955 Occidente·
608 1895 633 1943 et
648 1885 779 1957 dissipabo
805 1884 942 1939 eonsilium

149 1976 227 2035 Iader
245 1990 270 2034 et
282 1977 424 2035 tonantem
435 1981 461 2034 r'n
474 1980 530 2035 loeo
544 1980 602 2045 iste,
615 1988 639 2033 et
652 1979 794 2032 subantem
815 1992 858 2031 eos
882 1974 941 2047 ple·

151 2069 195 2124 die
210 2066 279 2140 (der.
291 2068 359 2142 xrs).
383 2069 466 2125 isaias
487 2083 593 2139 utroque
608 2066 942 2136 maniiestissime'lophet

151 2158 288 2214 iniernum
303 2159 437 2228 appellat;
451 2159 497 2229 qui
511 2173 572 2214 curn
588 2167 746 2228 perpetuum
767 2154 875 2211 diabolo
898 2155 941 2209 in·

150 2251 262 2307 teritum
287 2252 337 2306 sub
360 2250 469 2307 nomine
489 2250 575 2305 Assur
596 2250 772 2314 describeret,
789 2238 903 2303 dic'ens:

149 2350 209 2398 rece
222 2343 292 2396 enim
305 2340 409 2397 Domini
436 2343 534 2414 patebit
555 2343 635 2397 draus
660 2342 731 2413 uirga
758 2356 902 2411 peremtus,
917 2347 942 2394 et

149 2434 196 2488 erit
207 2433 333 2488 transitus
346 2433 424 2506 nirgoe
438 2435 571 2505 inemtas,
585 2449 662 2505 paam
673 2432 842 2518 'recalescere
865 2432 942 2501 leciet

149 2524 278 2582 mainus
290 2542 368 2596 anper
381 2542 437 2582 eum
446 2526 513 2598 (lae.
527 2525 699 2600 rar),statim
714 2524 849 2596 quomodo
860 2533 886 2580 et
895 2523 942 2580 ubi

149 2625 223 2674 esset
239 2617 382 2687 periturus,
398 2617 516 2674 subdidit
528 2617 619 2673 dicens
632 2633 640 2672 t
655 2615 811 2687 Properate
826 2625 863 2671 eat
874 2617 942 2671 erint

149 2706 183 2762 ab
193 2707 250 2762 lteri
264 2707 359 2780 toptn
373 2725 457 2782 eroge
471 2716 628 2780 preparate,
641 2708 810 2780 profunde,et
821 2708 940 2762 dilatate.

149 2797 267 2857 Pulchre
277 2801 314 2854 ait
330 2797 363 2853 Et
378 2801 496 2864 dilatate,
511 2801 572 2869 qu'a
585 2798 690 2868 Tondet
704 2799 802 2854 dicitur
817 2798 939 2852 latitudo.

150 2888 329 2959 detrimenta,
343 2891 436 2961 innuit,
454 2895 510 2965 ejus
525 2892 604 2963 igitir,
618 2900 642 2944 et
657 2892 728 2962 ligne
742 2890 841 2953 melta:
862 2890 940 2960 petas

150 2976 255 3036 bamini
265 2980 331 3037 sicat
345 2991 444 3037 torrens
454 2983 596 3054 selplrnria,
606 2980 759 3037 succendens
780 2997 845 3035 eam.
869 2979 941 3035 Con·

150 3077 290 3135 taminarit
304 3087 393 3133 autem
408 3077 495 3133 tostas
510 3077 625 3148 Toplret,
639 3077 681 3134 rel
695 3090 756 3132 ossa
771 3083 938 3130 mortuorum

151 3167 275 3236 lbi,sicut
287 3167 313 3224 in
324 3168 497 3240 sequentibus
505 3168 538 3223 de
549 3167 609 3223 aliis
620 3166 751 3224 idolorum
762 3165 827 3221 locis
841 3165 938 3223 iecisse

1027 1382 1073 1440 29.
1095 1383 1141 1458 (lv
1168 1385 1233 1458 Reg.
1263 1402 1350 1453 srnt,
1373 1384 1431 1457 td.)
1458 1386 1568 1443 Excelsa
1596 1405 1695 1460 guoque
1720 1404 1778 1458 pne

992 1486 1065 1531 erent
1086 1478 1113 1532 in
1136 1475 1446 1546 teneraemondani
1461 1483 1539 1551 pau'o
1552 1491 1613 1552 post
1626 1482 1661 1538 dc
1681 1482 1775 1538 eodem

992 1582 1056 1638 rege
1069 1567 1165 1623 dicitur
1181 1586 1189 1623 ε
1205 1569 1313 1624 Excelsa
1338 1588 1437 1642 precene
1460 1589 1517 1643 pete
1530 1584 1601 1628 erent
1625 1575 1652 1628 io
1665 1568 1791 1629 termes

993 1657 1098 1723 lem,ad
1121 1658 1238 1712 deutrum
1263 1670 1365 1730 partem
1394 1663 1494 1717 moestis
1515 1663 1687 1729 Ollensionis,
1712 1675 1779 1728 etc..

956 1760 1089 1830 guoque,
1106 1745 1204 1802 Polluit
1232 1764 1286 1815 rea,
1301 1759 1324 1804 et
1339 1752 1456 1804 contrivit
1468 1761 1582 1817 statnea,·
1598 1753 1658 1811 luce
1678 1755 1779 1810 elarius

993 1846 1044 1903 est,
1071 1837 1141 1909 quod
1167 1839 1271 1895 excelsa
1295 1841 1433 1896 nominare
1460 1842 1528 1897 solet
1555 1842 1704 1913 Scriptura,
1721 1846 1780 1899 loca

994 1929 1109 1985 collibus
1123 1931 1207 2000 posita
1219 1929 1416 1999 frondentibus,
1433 1934 1459 1987 iu
1479 1932 1575 2003 quibus
1591 1935 1632 1990 rel
1647 1935 1779 1992 torrioni-

994 2022 1043 2077 bus
1060 2024 1243 2090 immolabant,
1255 2024 1296 2080 rel
1312 2025 1393 2081 etiam
1403 2026 1657 2095 uomin0,tocornm
1668 2028 1782 2084 amoeni·

993 2122 1049 2171 tate
1062 2115 1161 2184 allecti,
1186 2123 1279 2172 contra
1302 2117 1475 2173 interdictum
1497 2119 1590 2175 relicto
1604 2119 1684 2174 altari
1706 2119 1779 2189 quod

993 2295 1062 2351 libro
1076 2297 1110 2352 do
1124 2297 1230 2366 regibus
1242 2297 1287 2366 qui
1300 2298 1388 2352 minus
1403 2299 1519 2366 perlecto
1540 2299 1606 2369 iusti
1629 2298 1717 2366 luere,
1732 2299 1776 2354 di·

992 2386 1082 2444 citur:
1104 2385 1283 2442 Verumtamen
1297 2387 1397 2442 terciae
1407 2404 1457 2442 nort
1472 2388 1587 2444 obstulit.
1604 2391 1720 2444 llontom
1733 2404 1781 2443 au·

993 2487 1047 2536 tem
1061 2478 1232 2546 Ollensionis,
1247 2490 1366 2535 montem
1392 2480 1455 2536 idoli
1467 2481 1541 2546 dicit,
1566 2482 1627 2553 quia
1654 2481 1781 2537 arituirunt

991 2571 1197 2627 consuetudinis
1209 2580 1251 2628 est
1272 2570 1481 2642 Summuranum,
1507 2572 1683 2629 ollcnsionem
1708 2572 1780 2630 idola

992 2679 1157 2736 nuncupare,
1171 2665 1233 2736 quia
1248 2665 1290 2720 rel
1305 2665 1332 2720 in
1347 2665 1400 2721 illis
1415 2665 1559 2721 olierrditur
1574 2667 1661 2733 Deus,
1673 2665 1716 2722 rel
1737 2664 1778 2722 el·

991 2756 1141 2813 sermionem
1157 2756 1297 2811 ctruinant
1323 2757 1379 2810 suis
1402 2755 1515 2811 afferunt
1528 2756 1685 2820 cultoribus,
1711 2757 1781 2811 sieut

991 2845 1019 2902 in
1034 2847 1084 2904 trac
1095 2849 1293 2918 ipsasentemin
1308 2846 1479 2916 subsequenti
1494 2848 1643 2916 intimatur,
1658 2848 1721 2903 dum
1735 2847 1779 2902 eli·

991 2937 1061 2994 citur
1076 2956 1083 2992 :
1100 2938 1164 3007 Qec
1177 2937 1350 3008 edificeneret
1370 2938 1495 2995 Selenen
1509 2955 1555 2994 rea
1569 2939 1595 2993 iu
1609 2937 1692 2994 lornei
1705 2941 1783 2994 Arte·

991 3033 1049 3090 retlr
1059 3032 1129 3088 idolo
1143 3032 1311 3089 Sidoniorum
1325 3043 1348 3087 et
1361 3031 1471 3088 Clientes
1491 3032 1627 3101 offensioni
1641 3031 1732 3099 Meni,
1757 3043 1782 3091 et

994 3125 1114 3183 udedan
1129 3127 1313 3182 eborrtinetieni
1327 3126 1440 3197 filiorem
1450 3128 1569 3182 Ammon.
1587 3125 1636 3182 tibi
1651 3125 1701 3182 ltnc
1715 3141 1782 3196 uuo·

991 3234 1054 3290 qne,
1072 3220 1100 3275 ni
1116 3204 1204 3286 lallor,
1221 3220 1307 3290 pulum
1333 3218 1494 3285 ostenditur,
1522 3217 1591 3289 quod
1607 3218 1707 3273 utiusm
1723 3231 1778 3273 non

991 3315 1199 3372 ostenderetur:
1214 3315 1276 3384 quia
1304 3312 1428 3370 uidelicet
1450 3312 1576 3371 Salomon
1597 3313 1632 3369 de
1656 3313 1780 3368 adnuisset

992 3407 1150 3464 idololatriae
1161 3407 1265 3463 sceiere
1280 3420 1415 3476 nunquam
1434 3402 1551 3474 perlecto
1565 3404 1699 3475 poenituit.
1714 3403 1781 3458 llam

151 3256 258 3331 legitur,
272 3257 314 3314 rel
324 3257 376 3312 alia
389 3257 514 3327 quaelibet
528 3257 663 3313 imrnunda
686 3256 853 3327 dispergens,
868 3269 940 3326 nua-

151 3356 227 3407 enus
238 3350 431 3407 abominationi
446 3351 535 3420 potius
559 3365 639 3421 quam
666 3350 836 3406 delectationi
861 3359 939 3422 aptus

151 3441 274 3498 enrnibus
288 3440 333 3512 qui
348 3441 500 3508 aspicerent
511 3439 586 3495 locus
599 3449 750 3510 appareret.

181 3532 232 3590 to.
252 3531 298 3603 (ll
327 3529 392 3601 lieg.
420 3545 499 3598 astur,
521 3529 577 3602 ll.)
603 3530 714 3586 distulit
741 3549 840 3604 quoqne
864 3550 939 3604 equor

152 3641 215 3699 gaer
229 3624 352 3680 dednent
364 3640 436 3700 reges
450 3625 538 3692 lude,
552 3634 603 3681 ote.
620 3625 697 3694 Quod
712 3627 833 3696 sequitur
843 3627 877 3683 de
893 3643 940 3684 co·

147 3722 209 3780 dem
225 3733 290 3791 rege
306 3717 377 3776 lotia
386 3760 398 3808 ο,
423 3718 528 3774 adstetit
550 3733 650 3788 quoque
670 3735 759 3791 equor,
781 3735 843 3788 pnes
862 3720 940 3776 dede·

144 3824 206 3872 rant
232 3831 304 3884 reget
318 3811 397 3868 lade
418 3814 467 3867 soll
482 3813 509 3866 in
534 3813 640 3867 introite
664 3814 752 3884 tempii
776 3813 897 3883 Dorrsitrt';
911 3824 942 3872 el

139 3906 229 3971 banio
240 3913 321 3976 post:
344 3901 441 3960 Currant
454 3913 537 3958 eutem
550 3903 756 3959 soliacetnltussit
766 3905 836 3975 igni,·
846 3915 940 3961 osten·

134 3996 184 4055 tlit
198 3996 277 4054 onrni
287 3996 379 4067 generi
393 3994 552 4050 idololatriae
565 4003 592 4050 et
608 3995 807 4065 superstitionis
831 3996 940 4054 ludaeos

127 4090 361 4159 omnitempore
386 4087 468 4143 luisse
483 4091 661 4157 mancipatos,
678 4089 713 4143 ito
737 4089 807 4144 utin
829 4104 941 4145 reuera·

129 4183 250 4241 tionem
263 4182 340 4248 solis,
354 4196 433 4252 quent
445 4196 521 4238 more
535 4182 675 4252 gentilium
700 4182 783 4241 lieunt
805 4198 865 4240 esse
879 4199 940 4241 ere·

124 4273 260 4343 debant,
274 4272 419 4329 simulacro
431 4271 490 4343 ejus
504 4274 575 4344 quod
588 4274 716 4344 lecerunt,
729 4291 826 4333 currus
840 4291 940 4348 equos·

126 4378 200 4434 que
228 4361 411 4430 subdiderint,
437 4363 531 4419 etboc
553 4364 580 4418 in
605 4365 679 4420 atriis
706 4367 796 4436 templi
822 4367 940 4424 Domini.

991 3499 1014 3553 si
1029 3497 1133 3555 iructus
1146 3497 1313 3569 peanitentiae
1336 3497 1432 3567 dignos
1447 3499 1556 3564 laceret,
1572 3505 1706 3569 satageret
1719 3504 1782 3552 anto

991 3588 1093 3658 omnia,
1111 3598 1140 3645 ut
1154 3589 1223 3645 idola
1238 3604 1298 3660 cuae
1317 3588 1507 3657 aedillcarernt,
1520 3586 1555 3645 de
1571 3588 1678 3643 ciuitate
1691 3594 1782 3643 saneta

993 3682 1208 3750 tollerentur;et
1230 3697 1284 3738 non
1311 3682 1339 3736 iu
1363 3680 1520 3736 scandalum
1543 3680 1695 3743 stulterum,
1721 3693 1781 3748 qaue

991 3779 1060 3850 lpse,
1074 3792 1135 3833 curn
1163 3775 1259 3832 luisset
1282 3771 1508 3842 cupientissimus,
1532 3785 1646 3826 erronea
1670 3769 1780 3837 lecerat,

991 3866 1070 3939 guasi
1084 3866 1221 3933 sapienter
1234 3877 1266 3917 ac
1280 3872 1354 3917 reete
1374 3860 1443 3916 lacta
1463 3862 1636 3930 relinqueret.
1662 3860 1783 3917 llerrdnit

991 3971 1073 4028 supra
1087 3966 1115 4012 et
1135 3953 1216 4024 nujus
1241 3951 1292 4007 loei
1308 3952 1458 4022 Scriptura,
1482 3951 1574 4007 dicens
1589 3970 1596 4004 ι
1613 3951 1685 4006 Tenc
1698 3952 1783 4021 editi·

992 4047 1056 4103 cauit
1071 4044 1197 4104 Seleucen
1210 4043 1300 4114 {enum
1327 4041 1438 4097 Cleemos
1452 4042 1522 4097 idolo
1536 4041 1624 4107 Meni,
1646 4045 1673 4097 in
1698 4053 1783 4098 nrorrte

991 4142 1037 4213 gni
1059 4149 1096 4195 est
1122 4149 1210 4194 contre
1224 4133 1379 4202 Jerusalem,
1394 4144 1418 4190 et
1443 4133 1550 4191 dloleclt
1571 4133 1642 4188 t'dolo
1668 4133 1781 4203 filiorum

992 4233 1102 4289 Ammon
1117 4228 1178 4303 (1¹¹
1191 4228 1256 4301 lleg.
1272 4226 1321 4297 rr).
1351 4227 1406 4282 Nee
1423 4225 1508 4282 uiden
1522 4227 1686 4281 eontrarium
1699 4225 1781 4282 debet

993 4325 1064 4395 qttod
1079 4324 1114 4379 ibi
1127 4337 1216 4389 mons,
1233 4320 1259 4375 ln
1274 4333 1328 4390 quo
1344 4320 1412 4375 lacta
1436 4327 1498 4375 sunt
1521 4318 1579 4374 lraee
1604 4320 1675 4374 idola
1688 4331 1781 4375 contra

127 4450 193 4515 spe
209 4453 287 4510 enim
300 4453 388 4510 5010,ss
398 4453 512 4523 gengpes
527 4453 637 4524 pingue
660 4454 702 4511 ,οἱ
717 4455 806 4513 [acm
827 4459 940 4516 simula·
955 4416 1152 4529 nlefffltlessls
1162 4415 1219 4520 iric·
1229 4413 1255 4469 iu
1275 4411 1423 4470 ierusalem
1441 4426 1502 4517 essa
1524 4421 1780 4517 posrtutmserrtuu

125 4556 225 4604 emm
241 4541 621 4614 ⁸0155‚ggpugfumju,enem
648 4544 674 4598 g„
698 4560 778 4601 ,um
799 4557 940 4616 ponentes,
993 4524 1056 4581 quta
1071 4523 1198 4565 nrmrrum
1213 4521 1241 4561 ns
1255 4514 1327 4562 tanta
1352 4512 1411 4562 erat
1426 4506 1499 4560 urbes
1510 4518 1607 4560 utetnta
1623 4514 1736 4575 pontus,
1751 4514 1779 4560 nt

129 4652 235 4710 equos
260 4634 348 4690 eidem
373 4635 449 4703 euasi
476 4648 555 4689 eursu
582 4635 677 4690 coelum
694 4644 815 4704 petentes
832 4638 944 4707 subitan·
993 4604 1026 4706 ‚⁸¹¹
1042 4604 1126 4671 im
1142 4599 1540 4701 W‘i⁰⁰'⁰'²¹ip⁸²m,⁰⁰⁰q¹¹f⁵
1554 4598 1693 4666 ⁸⁰“fibus'
1720 4614 1780 4670 ‘¹⁰³⁰

131 4737 226 4799 unt.
243 4726 292 4782 Cul
308 4736 448 4798 propteroa
464 4727 540 4794 pueri
550 4736 643 4797 aptant
655 4728 807 4798 imaginem,
818 4731 879 4798 ertia
890 4731 942 4798 carl,
994 4709 1022 4749 ¹¹¹
1036 4707 1069 4748 ⁰⁰
1079 4693 1321 4763 ⁰⁰⁰⁸⁸⁶⁸³b²⁰w⁸
1334 4698 1495 4745 mmm
1510 4688 1655 4745 ”demum

136 4816 617 4885 velutnuotidienorourtunatus,
639 4817 741 4872 nullum
770 4832 817 4887 per
840 4821 939 4874 saecula
1029 4827 1075 4884 iil).
1097 4824 1142 4897 (lli
1166 4825 1231 4896 [leg.
1248 4841 1319 4892 arra,
1340 4824 1395 4896 ll.)
1420 4824 1455 4880 Et
1477 4826 1607 4881 trennnlit
1621 4840 1722 4880 emerent
1735 4824 1780 4881 te·

136 4909 257 4983 utrium
274 4906 378 4962 incidit.
395 4907 429 4963 llt
443 4917 534 4962 autem
547 4907 634 4963 eidem
650 4923 744 4964 currens
756 4919 784 4964 et
796 4925 881 4981 equos
894 4913 944 4969 tri·
994 4915 1116 4983 ruralem,
1130 4923 1184 4972 etc.
1196 4915 1271 4981 Quod
1283 4916 1403 4971 relerena
1413 4916 1448 4971 de
1462 4914 1718 4981 Nabuchodonosor,
1734 4917 1779 4984 cui

142 5000 246 5066 bunut,
262 4998 297 5054 de
322 4998 450 5053 miraculo
465 5008 601 5067 sumptum
617 5013 678 5056 esse
707 5001 773 5056 Elias
795 5003 942 5073 propbeta,
994 5007 1152 5063 transtulerit
1166 5021 1267 5062 emnem
1287 5004 1478 5076 lessedene
1498 5007 1627 5061 animan
1641 5005 1779 5077 principes,

144 5092 194 5162 qni
211 5105 294 5146 curru
307 5089 385 5160 igneo
397 5099 425 5144 et
435 5093 512 5158 cuuis
526 5091 612 5162 igneis
626 5102 670 5147 est
679 5102 772 5162 raptus
788 5096 820 5152 nd
833 5099 942 5167 eoelum,
994 5108 1017 5155 et
1030 5114 1117 5154 omnes
1133 5098 1212 5167 fortes
1224 5099 1361 5164 exercitata,
1378 5098 1463 5153 decem
1477 5097 1569 5164 millia,
1596 5097 1623 5152 in
1647 5098 1782 5168 captiuita-

147 5180 272 5238 loannes
298 5179 612 5251 Constantinopolitauus
643 5181 786 5253 episcopus
817 5189 943 5244 aestimat.
994 5190 1337 5261 temraddiditseriptura,
1359 5188 1634 5247 dicenszdtentaem
1657 5189 1782 5259 artificem

148 5269 228 5338 Quod
255 5269 329 5325 enim
353 5267 446 5327 Graece
469 5272 560 5327 llelios
585 5272 682 5329 dicitur
700 5276 740 5331 sol
769 5278 944 5347 (sieutetiam
994 5291 1018 5336 et
1030 5285 1165 5337 clusorem.
1183 5281 1238 5337 lloc
1252 5289 1295 5337 ett
1306 5280 1465 5353 quetlsopra
1476 5280 1565 5337 eidem
1576 5279 1777 5352 populolsrseli

148 5360 290 5428 Sedulina,
310 5376 371 5418 curn
396 5362 431 5418 de
445 5362 510 5419 Elia
534 5378 647 5420 ascensu
671 5377 791 5435 curreret,
815 5370 943 5438 ostendit,
994 5372 1156 5429 Plrilistbiim
1171 5383 1316 5443 regnantes
1340 5370 1436 5426 iecisse
1460 5380 1612 5439 narrantur,
1628 5384 1690 5426 cuer
1715 5370 1783 5427 dicl-

148 5454 268 5513 flmi
994 5476 1061 5521 tur:
1084 5463 1167 5520 Porro
1191 5463 1264 5534 {ein
1280 5461 1404 5533 [moriat
1417 5476 1468 5515 nen
1489 5459 1662 5515 trucidatur
1682 5461 1710 5515 in
1735 5458 1782 5514 de·

211 5558 290 5618 onam
303 5558 327 5608 b
336 5570 368 5608 ne
381 5558 491 5610 fulminet
503 5557 641 5619 praelucens
650 5563 737 5612 semita
748 5564 820 5628 coeit,
993 5557 1105 5611 rasalem
1118 5564 1143 5608 rt
1156 5556 1183 5608 irr
1202 5554 1270 5608 omni
1282 5563 1352 5607 terra
1373 5549 1467 5606 tamt.
1484 5548 1609 5606 caman
1630 5551 1698 5607 erim
1720 5547 1784 5605 rte-

212 5621 825 5745 {fflffidffigfflffiffiffmgffiffih
993 5648 1110 5713 listltiim,
1135 5663 1167 5702 ne
1187 5647 1253 5715 lorte
1277 5646 1389 5718 {cernent
1412 5641 1515 5700 Hebraei
1538 5640 1653 5716 gladiator
1666 5645 1781 5700 restan-

212 5738 269 5793 toa
280 5753 465 5811 personatum
476 5750 585 5798 notator
595 5744 687 5810 littera,
698 5747 735 5800 soi
747 5755 795 5801 est.
994 5755 1062 5797 reem
1075 5736 1101 5813 (l
1115 5738 1177 5811 lleg.
1195 5734 1263 5808 sttt).
1279 5736 1355 5794 Sicut
1368 5734 1440 5794 coitu
1453 5744 1518 5795 tune
1532 5735 1571 5794 llll
1582 5746 1723 5807 mmet,
1745 5752 1780 5794 tto

920 2245 942 2300 Α
992 2206 1782 2279 eratintemplo,nostiasoberenmunllndesaeptosirrnoc
1884 2213 1888 2219 '
