3794 6120
132 274 184 329 tos
380 267 482 324 BEDAE
505 266 729 324 veaeuautbts
749 266 887 324 oetttttttt
904 267 991 322 bttts
1012 268 1088 322 li.-
1102 266 1297 324 EKEGETle
1314 266 1477 322 obtutui.
1705 266 1760 321 tab

130 386 226 458 quibua
242 392 369 454 praesunt.
392 381 573 437 ministerium
588 380 682 434 salutis
695 380 862 448 tumendum,
886 387 916 432 ut
931 379 954 437 Α
969 381 1119 445 apostolo:
1138 380 1210 437 Unus
1224 379 1359 446 bonrum,
1375 396 1427 434 una
1441 380 1515 449 fides,
1531 396 1609 434 unum
1627 381 1766 449 baptisma,

125 481 237 549 laragitts
252 474 411 532 excurrendi
434 473 468 527 ad
496 471 674 541 acquirendos
696 486 781 526 nosos
796 472 918 542 populos,
974 485 1041 524 snus
1054 469 1121 525 Deris
1129 480 1152 524 et
1165 469 1242 525 Pater
1252 471 1377 525 amnium.
1392 469 1423 524 Et
1435 470 1519 537 ipsam
1531 487 1558 525 os
1570 472 1596 525 in
1607 473 1698 540 capitis
1710 483 1767 527 erst

132 576 238 629 iabores
255 585 307 626 non
328 569 450 625 subeant»
479 567 552 621 llatae
567 581 631 633 ergo
655 566 758 620 basinus
780 566 845 620 rotis
860 573 922 619 sunt
974 560 1235 631 sunsmitatellipltes.
1250 563 1300 626 tel,
1310 570 1339 615 ιιι
1351 562 1384 616 ad
1398 562 1517 617 caelestia
1533 562 1611 615 stabis
1625 578 1705 634 regua
1718 579 1766 633 pcr

133 679 258 720 ctsrruum
272 661 386 726 similes,
400 660 461 727 qaia
475 659 557 713 iislem'
568 658 628 712 libri
640 657 859 725 Etatrgcliorum,
876 657 920 727 qui
974 655 1401 725 baptismaiteressepstclsctutn
1415 655 1534 710 doceret.
1550 656 1680 724 ipsetero
1696 657 1766 715 lates

133 759 181 812 ltns
194 756 318 810 doctores
340 755 373 808 ad
398 752 592 822 prattiranrtaua
616 752 694 804 bilem
721 750 841 805 veritatis
854 750 922 803 mit·
974 743 1001 796 iu
1013 743 1186 812 amplitudine
1199 744 1317 799 cubitum
1339 744 1455 798 ltabclsat
1469 760 1548 799 unam
1569 754 1597 801 et
1611 745 1764 817 dimidium,

133 856 203 916 trust,
229 846 291 901 illos
318 845 351 900 ad
375 843 585 898 confirmandam
610 842 723 911 amplius
750 841 828 895 dalem
853 842 922 896 inter
975 835 1176 903 propteraporis
1190 836 1314 889 nimirum
1327 835 1527 905 perlectionem,
1539 848 1566 892 et
1577 837 1681 893 initium
1697 853 1763 894 cau·

131 941 267 1003 doctores,
291 936 347 1008 jam
360 937 535 992 saep-amentis
549 936 706 991 coeiesfihns
723 935 849 998 bubulos.
866 948 924 987 ma·
977 924 1168 992 [ampliationis.
1194 925 1300 995 'megel'
1318 926 1416 981 elessilll
1432 925 1539 980 ctlbiltlb
1553 927 1579 978 iil
1594 925 1691 991 lttldt'e,
1704 943 1767 996 ΡΘΓ·

132 1043 196 1083 nere
211 1027 379 1097 praecipiunt.
407 1025 479 1079 llatae
491 1034 603 1094 qualitor
617 1024 697 1078 basim
712 1023 806 1077 lutaris
822 1033 923 1076 susten·
976 1017 1114 1071 lectionem
1132 1017 1209 1072 bonae
1222 1017 1344 1088 designat
1359 1015 1484 1070 actionis.
1502 1016 1577 1082 Quod
1593 1017 1696 1087 absque
1712 1019 1766 1074 alla

132 1119 231 1183 tabant,
247 1131 307 1172 cunt
324 1115 466 1184 Evangelia
478 1114 605 1168 iacobum
626 1110 735 1168 tratrem
763 1113 870 1165 bostsiui
888 1112 921 1166 ad
976 1110 1109 1164 dulsietate
1127 1108 1242 1164 babebat
1255 1108 1309 1171 ille.
1324 1108 1359 1164 de
1372 1122 1426 1176 qao
1441 1108 1565 1161 tentatori
1581 1109 1693 1176 authuo
1708 1108 1768 1163 llo·

132 1205 343 1262 coullratandum
370 1205 396 1259 iu
420 1203 596 1275 ierosolymis
628 1204 776 1258 Ecclesiam
804 1204 922 1259 residere
976 1209 1063 1263 ntissus
1081 1208 1189 1263 aiebat:
1219 1207 1346 1277 Numquid
1369 1208 1538 1263 considerasti
1558 1224 1659 1261 serrum
1682 1225 1767 1264 mesas

130 1297 278 1371 lttsserant.
305 1298 585 1352 llotteeatatmsimiles
608 1312 733 1350 curruum
757 1296 804 1349 Dei
825 1313 922 1364 suppo·
974 1299 1371 1369 lob,qaodstousiteis·'nsilis
1391 1299 1509 1362 interra,
1529 1299 1767 1369 bomoss'otpleeet

131 1391 187 1444 sita
202 1391 235 1443 ad
249 1388 401 1443 currendum
417 1388 553 1456 parabant,
578 1401 638 1441 eum
662 1388 754 1441 eadem
775 1387 921 1455 Evangelia
974 1403 1066 1456 reatus,
1081 1407 1111 1444 ac
1126 1391 1214 1443 timeus
1228 1390 1320 1456 Densus,
1335 1399 1358 1443 et
1380 1391 1500 1443 recedens
1515 1406 1531 1442 a
1546 1391 1614 1443 malo
1634 1389 1708 1459 (tob.
1723 1389 1767 1459 til

132 1481 243 1537 Paulum
259 1491 285 1536 et
301 1480 449 1535 barnabam
471 1480 503 1533 ad
519 1478 719 1548 praedicandum
736 1479 861 1546 gentibus
876 1493 922 1547 per
976 1468 1022 1538 Est
1036 1496 1100 1536 sero
1114 1483 1180 1535 altar
1195 1482 1302 1536 salsitas
1323 1481 1421 1536 divinae
1438 1481 1620 1551 cisionis-qui
1646 1498 1677 1538 et
1694 1492 1767 1547 parts

132 1572 221 1626 omnia
236 1569 387 1627 discttrrcre
400 1571 551 1625 voluerunt.
570 1570 642 1623 llatae
655 1570 874 1639 basessupposita
888 1570 923 1623 ad
977 1573 1102 1627 nonnulla
1116 1573 1195 1626 etiarn
1212 1572 1238 1626 iu
1252 1573 1301 1627 bac
1325 1572 1411 1626 adltue
1434 1572 1487 1626 rita
1510 1574 1623 1628 retentis
1644 1573 1766 1632 illelibus

131 1662 288 1730 portandum
302 1663 407 1716 latteruu
428 1661 518 1728 templi
541 1670 639 1713 aterio
660 1659 836 1722 sustollebant,
860 1673 920 1712 cum
976 1666 1069 1720 donat-i
1093 1664 1245 1728 consuerit,
1262 1674 1289 1717 ut
1305 1664 1374 1718 idem
1390 1662 1449 1728 lob,
1468 1663 1574 1719 devicto
1598 1665 1759 1733 adversario,

133 1754 232 1807 nostris
257 1767 342 1821 nuper
366 1752 533 1820 temporibus
558 1751 652 1806 beatus
675 1765 741 1820 papa
766 1750 921 1820 Gregorius,
938 1726 1034 1806 Betrus
1050 1752 1162 1806 [lumino
1182 1751 1293 1819 loquens
1316 1751 1375 1804 ait:
1401 1752 1497 1805 duditu
1519 1753 1591 1806 auris
1616 1754 1703 1807 aetdisi
1729 1762 1762 1819 te,

132 1846 294 1916 evangelicis
316 1848 455 1901 roboratus
470 1846 594 1915 eloquiis,
621 1847 769 1901 Romanam
785 1847 855 1901 rasit
872 1847 932 1902 Ee·
973 1859 1040 1896 auttc
1053 1851 1136 1896 autem
1150 1842 1237 1895 ocrsdus
1254 1857 1322 1894 meus
1338 1842 1403 1895 sidet
1419 1851 1442 1895 te
1456 1840 1525 1911 (lob.
1540 1841 1608 1910 sesti
1620 1859 1628 1907 ;
1641 1854 1669 1899 ut
1684 1843 1765 1914 lloysi

132 1936 251 1991 elegiam,
278 1937 352 1991 ἣρω
365 1936 459 1992 effidem
479 1939 568 1991 gurg-gri
584 1937 630 1990 Dgp'
644 1940 764 1992 subnexa
777 1938 851 2007 {gnae
870 1948 923 1990 gia.
975 1930 1100 1986 Dentibus·
1113 1931 1179 1986 facie
1202 1933 1276 1985 visus
1290 1941 1331 1985 OS!
1345 1931 1377 1985 {ld
1399 1931 1512 1997 Ῐῖῑθίθῐῐὶζ
1530 1940 1559 1986 lli
1574 1931 1649 1987 ibai-'tl
1670 1935 1766 1990 sedem

131 2026 203 2096 bant,
218 2040 280 2081 cum
295 2026 514 2082 reverendissimi
531 2028 623 2082 Patres
639 2030 816 2098 Augustinus,
834 2029 923 2083 Pauli·
974 2024 1000 2078 lu
1015 2022 1083 2077 solio
1096 2021 1171 2092 regni
1187 2021 1420 2075 circumstantibus
1430 2037 1491 2076 cum
1507 2022 1585 2078 laude
1599 2023 1692 2079 debita
1706 2026 1766 2081 tati

133 2134 194 2183 nus,
210 2125 236 2173 et
252 2119 341 2174 caeteri
356 2119 420 2174 socii
445 2135 548 2187 eorum,
565 2120 666 2176 elsdem
683 2121 844 2191 euangelicis
859 2137 923 2176 eon·
973 2114 1094 2179 clllblit
1120 2122 1148 2165 ¹¹¹
1171 2111 1276 2166 ssffllelib
1301 2125 1374 2179 ⁵³2l’e
1398 2112 1470 2165 Visus
1495 2122 1534 2165 ‘³⁵¹
1562 2113 1718 2181 l¹l⁰l>¹¹0fisi
1740 2123 1768 2169 ΙΙΙ

134 2211 231 2267 limati
245 2212 371 2276 oraculis,
384 2211 496 2283 jubente
510 2212 572 2277 illo,
597 2215 733 2268 senercin
749 2214 921 2278 Britanniam,
975 2207 1052 2261 beato
1073 2203 1208 2273 Stcpltauo
1229 2205 1254 2256 in
1278 2203 1391 2255 articulo
1414 2203 1555 2271 passionis,
1582 2206 1684 2271 apertis
1706 2205 1765 2261 caeli

133 2311 160 2355 et
174 2302 283 2356 verbum
303 2301 349 2356 bei
371 2304 531 2357 commisere
546 2302 645 2358 dadam
669 2303 815 2357 incredulis
837 2305 922 2372 genti·
972 2296 1071 2365 lanitii.
1096 2296 1180 2366 &⁰¹5²
1203 2295 1249 2349 Dei
1269 2306 1376 2348 0⁸lflll⁸³
1402 2304 1460 2361 ⁸⁸¹3
1484 2305 1513 2349 ¹¹²
1536 2295 1619 2352 P²⁰l0
1644 2298 1765 2354 insti-uitus

136 2389 196 2444 lists.
218 2389 246 2444 Si
266 2405 330 2461 ergo
356 2391 434 2446 bases
449 2391 567 2446 luterum
591 2392 677 2448 sancti
697 2391 821 2447 doctrines
848 2400 921 2459 saul,
975 2387 1100 2455 paradisi,
1116 2394 1143 2440 et
1164 2386 1233 2439 tertii
1255 2384 1316 2439 coelt
1333 2390 1395 2437 suut
1411 2384 1540 2450 patefacta
1557 2386 1701 2458 tttyslerin.
1714 2386 1766 2444 Sed

134 2478 178 2548 qui
200 2478 336 2533 lavacrum
358 2481 434 2534 nobis
456 2481 519 2535 ritae
542 2481 705 2549 ministrant,
727 2490 754 2536 et
777 2494 843 2536 rotae
860 2498 924 2552 qua·
975 2480 1098 2532 stultersa
1118 2478 1173 2531 baec
1187 2491 1220 2531 ex
1237 2485 1310 2542 parte
1336 2475 1500 2543 permodica,
1515 2478 1541 2530 in
1565 2479 1765 2548 comparatione

133 2581 216 2626 tense
230 2570 333 2625 lsasium
351 2581 464 2640 quatuor
480 2581 542 2627 sunt
558 2573 618 2627 libri
633 2574 846 2643 Evangeliorum,
861 2575 922 2644 quid
975 2568 1034 2638 citas
1048 2582 1106 2637 cute
1129 2569 1154 2622 itt
1175 2566 1264 2622 laturo
1284 2567 1427 2622 rotelanda
1446 2577 1488 2623 est
1506 2569 1603 2638 gloria.
1623 2570 1689 2626 ltleo
1709 2580 1765 2641 post

132 2675 197 2716 ates
210 2670 329 2716 rotarum
343 2661 387 2730 qui
404 2663 481 2717 bases
496 2670 612 2733 gestant,
630 2661 681 2717 uisi
697 2663 752 2731 ipsa
768 2662 922 2718 corumdem
975 2659 1094 2713 cubitum
1120 2657 1197 2712 boum
1221 2656 1395 2727 operationis,
1412 2674 1470 2726 quae
1490 2659 1516 2712 in
1540 2657 1659 2714 haesita
1679 2662 1765 2728 pallei

132 2762 195 2807 sunt
217 2751 297 2808 corda
312 2750 464 2820 doctorum,
487 2753 532 2823 qui
547 2753 609 2807 dum
626 2754 766 2822 praecptis
782 2753 922 2823 Evangelii
976 2760 1062 2819 potest
1075 2750 1101 2804 iu
1126 2750 1237 2815 sanetis,
1254 2751 1359 2804 cubitus
1380 2750 1474 2819 incipit
1492 2765 1620 2819 supernae
1643 2763 1765 2807 contem·

135 2842 230 2899 sedulo
255 2844 348 2900 intenti
376 2858 423 2900 eos
443 2846 477 2899 ab
503 2843 656 2900 intimorum
684 2845 803 2916 appetitu
827 2845 925 2900 sustol·
976 2841 1115 2911 piamonis,
1130 2855 1190 2909 quae
1204 2841 1230 2894 in
1247 2840 1335 2895 lutura
1357 2840 1411 2894 rita
1427 2842 1452 2895 in
1466 2840 1572 2896 cunctis
1586 2841 1642 2912 jam
1665 2851 1765 2900 constat

135 2934 202 3000 lunt,
220 2935 292 2991 relat
313 2936 426 2991 immissi
440 2939 506 2993 rotis
530 2950 595 2993 anas
609 2936 688 2993 altius
703 2937 788 2993 basim
812 2952 827 2992 a
853 2947 922 2994 terra
976 2933 1136 3003 perlicienda
1149 2933 1255 2988 electis.
1272 2934 1337 2999 Quae
1353 2932 1478 2986 nimirum
1494 2947 1622 2987 mensura
1647 2933 1726 2988 anius
1739 2942 1764 2989 et

133 3026 297 3083 sublevanti
313 3026 395 3082 Porro
410 3028 553 3095 bumerult,
573 3030 693 3097 quiretis
711 3029 866 3097 antepositi,
892 3045 923 3082 ne
977 3024 1077 3078 dituidii
1092 3023 1190 3088 cubiti,
1206 3036 1258 3077 nou
1281 3022 1411 3077 luteribus
1436 3030 1550 3087 tautum,
1575 3021 1625 3077 sed
1652 3031 1682 3077 et
1703 3023 1765 3077 rotis

132 3116 264 3172 abusibus
283 3117 368 3171 delabi
387 3125 500 3189 possent,
525 3118 686 3184 assistebant,
711 3120 843 3186 praeconia
858 3126 922 3173 saut
973 3128 1063 3169 earum
1085 3112 1170 3167 inerat
1194 3126 1225 3166 ae
1247 3110 1364 3166 basibus.
1385 3110 1521 3180 Scriptum
1549 3126 1669 3182 namque
1683 3120 1725 3167 est
1738 3111 1764 3165 iu

130 3207 332 3274 prophetaram,
348 3207 445 3275 quibus
459 3207 613 3277 euangelica
628 3216 656 3262 et
678 3209 826 3278 apostolica
849 3208 922 3263 Scri·
971 3199 1162 3268 sentientibus:
1179 3199 1238 3255 lina
1253 3211 1309 3254 sota
1331 3200 1437 3254 babebat
1451 3201 1602 3255 altitudinis
1615 3201 1763 3257 cantitanti

131 3306 218 3362 ptura,
236 3310 269 3349 ne
284 3295 326 3349 cui
347 3296 490 3365 legentium
507 3297 533 3350 iu
555 3295 666 3352 dubium
690 3296 803 3354 forsitan
819 3299 920 3363 sentiat,
971 3302 1054 3356 seritis.
1067 3300 1100 3354 Et
1115 3300 1194 3371 paulo
1209 3312 1288 3369 post:
1305 3299 1338 3353 ln
1359 3301 1506 3355 summitate
1526 3310 1613 3355 astent
1628 3301 1698 3356 basis
1710 3310 1762 3356 ertu

129 3389 312 3439 eoulirntatar.
339 3385 414 3441 Unde
442 3394 470 3441 et
496 3390 632 3457 apostolus
651 3388 747 3444 Petrus
758 3389 792 3446 de
807 3391 921 3445 Domino
971 3396 1090 3465 quadam
1107 3394 1252 3448 rotunditas
1268 3395 1344 3447 unius
1366 3404 1390 3448 et
1404 3394 1505 3447 dimidii
1528 3394 1618 3461 cubiti,
1635 3397 1672 3449 itn
1685 3396 1763 3466 [sbre-

131 3475 253 3545 loqueas,
268 3473 325 3529 alt:
342 3475 376 3530 Et
389 3475 510 3533 babeam
524 3478 664 3546 firmiorem
677 3479 854 3548 propheticum
867 3496 922 3536 ser·
972 3488 1050 3558 faeta,
1066 3494 1093 3539 stt
1108 3485 1174 3540 luter
1188 3488 1296 3555 desuper
1309 3495 1392 3556 posset
1407 3486 1514 3553 imponi.
1530 3485 1759 3557 Lattaumqsipps

130 3584 240 3636 utonem,
253 3569 295 3622 estt'
307 3569 455 3643 benefacitis
465 3572 625 3628 intendentes
637 3573 682 3647 (tt
698 3573 771 3630 Patr.
786 3576 817 3646 t).
829 3575 882 3631 Sed
895 3582 923 3631 et
970 3592 1089 3631 mensura
1103 3578 1179 3630 unius
1189 3586 1243 3631 erat
1256 3578 1335 3630 cubiti
1348 3585 1371 3632 et
1386 3578 1497 3642 dimidii,
1512 3579 1574 3647 quis
1590 3580 1716 3636 nimirum
1729 3593 1759 3635 es

132 3672 224 3713 omnes
237 3660 406 3727 evangeista
424 3668 505 3730 atque
527 3664 642 3733 apostoll
668 3665 694 3720 iu
710 3663 751 3721 eis
774 3679 834 3735 quae
855 3666 922 3721 scri·
972 3669 1025 3724 lide
1041 3669 1068 3723 in
1084 3668 1157 3725 lente
1170 3669 1232 3724 rite
1246 3669 1378 3735 lasamur,
1392 3678 1422 3724 ut
1435 3684 1482 3739 per
1496 3683 1578 3739 opera
1601 3670 1712 3739 justitias
1729 3670 1760 3725 sd

130 3763 208 3817 quere
230 3749 296 3820 logis
316 3760 344 3806 et
358 3753 550 3822 prophetarum
566 3758 731 3812 mentionem
748 3757 837 3814 lacere
851 3757 923 3813 solc-
971 3758 1052 3812 uitam
1069 3760 1169 3813 intrare
1181 3773 1332 3813 mereamur
1343 3769 1484 3825 aeternam,
1499 3761 1624 3828 quamtis
1637 3760 1696 3817 sine
1707 3774 1762 3830 poe·

130 3838 205 3895 liant.
231 3840 351 3911 licitique
373 3842 478 3899 llareas
498 3846 535 3900 ait
550 3865 556 3901 :
570 3844 679 3901 initium
702 3847 836 3917 Evangelii
858 3845 923 3902 less
971 3861 1043 3915 cato,
1059 3848 1120 3905 dum
1134 3849 1176 3904 bie
1190 3851 1314 3913 risimus,
1329 3863 1391 3905 esse
1406 3863 1584 3920 nequeamus.
1601 3850 1690 3922 lpsstu
1702 3864 1761 3907 sero

130 3929 225 3984 Glartsti
238 3929 301 3986 Filii
308 3931 366 4001 llei,
378 3935 448 3989 sicut
458 3936 587 4006 scriptam
599 3946 640 3993 est
654 3938 681 3991 in
696 3938 762 3993 lsaia
777 3940 920 4009 proplieta3
972 3940 1034 3995 sitae
1049 3939 1165 3995 caelestis
1185 3939 1355 3995 dulcedinem
1371 3949 1526 4010 gustasses
1543 3951 1632 4011 parte,
1655 3956 1687 3997 se
1704 3939 1762 3997 dili·

130 4029 159 4074 ct
172 4021 310 4078 llattbaeus
325 4042 331 4078 :
351 4023 409 4079 lloe
423 4035 502 4080 totum
517 4029 703 4099 testamentus
717 4032 922 4099 adimplerentur
972 4043 1035 4100 gete
1047 4029 1074 4083 in
1090 4028 1139 4084 bae
1151 4029 1256 4083 interim
1271 4029 1336 4095 sita,
1352 4030 1472 4099 perlecto
1481 4039 1570 4086 autem
1585 4031 1681 4088 sidere
1694 4031 1761 4087 nulls

131 4111 273 4180 Scriptura
291 4114 472 4184 prophetarum
488 4118 586 4188 (biara.
610 4121 642 4191 t),
664 4131 692 4176 et
713 4132 809 4178 caetera
830 4123 922 4194 liujus·
972 4121 1076 4176 tatione
1089 4123 1219 4177 salernus.
1237 4122 1309 4178 llotte
1330 4139 1429 4193 quaque
1445 4139 1496 4177 uno
1510 4139 1542 4176 ac
1556 4125 1668 4180 dimidio
1683 4125 1761 4180 esbits

130 4201 213 4256 tuadi.
239 4202 311 4258 Beue
334 4214 421 4261 autem
444 4208 625 4281 diciturquod
642 4211 853 4285 lrumeruli,qut'
873 4226 921 4284 per
971 4223 1160 4280 mensurantur,
1193 4216 1253 4285 quia
1279 4215 1395 4270 studium
1429 4215 1553 4271 lectionls
1588 4218 1758 4288 evangelice,

129 4301 243 4357 quatuor
255 4302 345 4361 partes
358 4297 450 4353 subter
462 4299 574 4357 luterem
586 4312 664 4357 erant
677 4305 767 4374 positi,
781 4314 875 4360 contra
891 4321 921 4363 se
971 4305 1083 4375 qualitor
1099 4304 1123 4358 lsi
1140 4305 1184 4373 qui
1200 4306 1310 4374 perlecti
1334 4320 1395 4362 esse
1410 4305 1504 4372 relisit,
1519 4304 1614 4362 uisere
1637 4307 1758 4373 debeam,

130 4381 242 4439 insieem
266 4385 363 4442 luerint
386 4400 580 4459 respectantes,
607 4396 667 4462 qula
694 4396 817 4450 nimirum
833 4398 920 4453 osunis
933 4395 1103 4483 „ostendiu
1133 4411 1261 4466 spemque
1287 4397 1365 4452 nobis
1393 4407 1502 4453 eternae
1524 4398 1711 4455 retributionis
1735 4402 1758 4454 ls

128 4470 265 4539 Scriptura
280 4478 433 4543 prophetica
445 4478 554 4534 sibimet
567 4492 747 4539 consentanea
757 4492 809 4554 est,
819 4495 920 4555 utpote
973 4489 1095 4559 praesenti
1109 4489 1285 4555 demonstrat,
1300 4492 1384 4560 ipsam
1396 4505 1461 4545 sero
1484 4490 1673 4547 retributionis
1693 4492 1759 4547 illius

128 4575 183 4613 uno
200 4560 297 4617 dicitur
324 4564 424 4634 Spiritu
451 4569 566 4625 cotidita.
595 4571 713 4637 Quatuor
736 4582 824 4629 autem
848 4576 919 4643 tuere
970 4579 1123 4648 qualitatem
1137 4578 1162 4634 in
1179 4578 1267 4635 laturo
1282 4579 1360 4635 uobis
1383 4579 1564 4650 pandendam,
1580 4582 1663 4638 amul
1676 4591 1702 4637 et
1716 4583 1758 4637 do·

128 4670 174 4724 per
189 4655 263 4712 bases
273 4660 387 4729 singulas
400 4664 537 4733 ismaeli,
551 4668 676 4725 videlicet
687 4671 762 4741 justa
775 4689 917 4732 numeram
970 4671 1085 4726 nandans
1107 4685 1170 4728 esse
1185 4671 1326 4741 promittit.
1345 4673 1426 4729 liases
1441 4682 1468 4730 et
1482 4673 1548 4742 ipsse
1563 4690 1646 4730 unum
1666 4676 1757 4731 tabem

127 4756 256 4813 rotarum,
269 4764 320 4803 non
334 4752 395 4821 quis
411 4763 524 4823 quatuor
537 4767 599 4813 sunt
611 4769 713 4816 tantum
728 4762 788 4818 libri
804 4766 914 4836 propbe-
968 4763 1098 4825 enititum,
1123 4778 1154 4818 ae
1177 4766 1318 4820 semissem
1346 4765 1530 4835 amplitudinis
1557 4767 1585 4822 in
1610 4768 1757 4823 summitate

131 4837 187 4900 ¹⁵⁰³,
203 4838 250 4893 bed
272 4841 332 4911 quia
347 4842 373 4897 in
395 4847 519 4902 omnibus
533 4865 593 4919 quoe
609 4850 690 4907 locuti
704 4865 766 4908 sunt
779 4857 918 4926 propbeta
968 4853 1021 4919 sai,
1036 4853 1079 4907 abi
1093 4853 1192 4909 luteres
1206 4857 1365 4924 reciperent,
1377 4856 1438 4925 quia
1454 4855 1505 4924 ipsi
1516 4854 1643 4913 doctores
1653 4856 1753 4921 summi,

125 4928 271 5001 etbloyses
294 4931 373 4989 dietis
400 4947 515 5006 quatuor
542 4943 766 5013 osarsgclistaram
795 4948 917 5002 testimo·
968 4961 1000 5002 ae
1014 4947 1127 5002 ministri
1141 4947 1240 5003 laracri
1255 4949 1391 5013 salutaris,
1414 4962 1497 5018 opere
1513 4950 1624 5019 quidem
1649 4946 1753 5019 perlecti

127 5020 201 5075 niam
218 5022 456 5091 ambaciensi
476 5045 609 5088 consensu
626 5037 766 5106 utriusque
781 5054 833 5093 una
850 5040 917 5096 sides
968 5041 994 5094 in
1009 5039 1058 5095 bae
1070 5040 1123 5095 sita
1147 5040 1289 5105 lulserunt,
1307 5040 1354 5095 sed
1381 5041 1440 5097 lucc
1464 5042 1703 5112 contemplationis
1724 5052 1752 5095 et

126 5116 154 5163 ct
167 5111 276 5169 dilectio
290 5114 390 5174 Cbristi
415 5131 507 5177 nostra
532 5126 651 5180 omnium
679 5129 758 5184 corda
786 5130 916 5190 lirutsret.
968 5139 1043 5201 patto
1062 5139 1125 5184 sttnt
1139 5129 1222 5197 lruiti,
1245 5130 1315 5185 unde
1334 5140 1362 5185 et
1375 5132 1469 5186 aiunt:
1488 5131 1530 5185 Ee
1552 5142 1628 5201 parte
1640 5138 1753 5187 enimes·

128 5202 163 5255 ils
177 5221 275 5277 quoque
289 5207 377 5266 luteris
390 5212 542 5269 intrinsecas
556 5227 609 5270 erat
620 5218 647 5271 in
657 5220 802 5275 summitate
813 5224 916 5291 eapitis,
966 5225 1120 5294 quaerimus,
1134 5234 1158 5277 et
1170 5240 1201 5278 ea
1212 5233 1284 5295 parte
1298 5224 1481 5296 prophetamus
1491 5242 1500 5291 ς
1511 5240 1571 5279 cum
1582 5235 1671 5281 autent
1686 5240 1740 5280 rests

125 5305 149 5348 et
164 5300 232 5363 qaod
245 5300 386 5371 forinsecus
400 5306 541 5374 apparebat
564 5308 641 5362 unius
666 5309 753 5376 cubiti,
770 5321 825 5366 crart
837 5321 917 5368 lotum
965 5316 999 5369 rit
1013 5316 1081 5382 qaod
1094 5317 1232 5386 arfactum
1247 5326 1294 5381 est,
1306 5317 1468 5371 esaauabitar
1479 5319 1550 5387 quod
1563 5335 1596 5373 en
1616 5330 1692 5387 parte
1703 5328 1746 5373 est.

125 5387 275 5455 mmmm,
290 5391 435 5462 viliterque
448 5394 555 5449 babebat
571 5412 651 5450 unum
665 5397 779 5451 cubitum
793 5408 818 5454 et
839 5401 917 5456 aiut·
966 5406 999 5462 du
1013 5408 1080 5460 lsrsnc
1090 5406 1194 5460 modum
1208 5406 1268 5477 [ecit
1284 5405 1369 5460 decern
1385 5407 1467 5473 bases,
1483 5412 1577 5478 fusura
1589 5426 1642 5464 aua
1654 5418 1677 5463 et
1691 5421 1751 5462 mon·

125 5476 206 5533 ‘litm-
222 5481 258 5537 ⁰s
271 5482 361 5540 luteris
377 5490 453 5544 unius
470 5490 550 5545 subiti
572 5500 638 5558 erat,
663 5502 773 5562 propter
788 5496 915 5551 unitatem
965 5515 1038 5566 sura,
1059 5497 1240 5568 sculpturaque
1253 5499 1390 5553 consiruili.
1418 5496 1491 5555 Fecit
1505 5516 1609 5572 quoque
1623 5503 1706 5556 desem
1717 5500 1751 5551 lr-

125 5570 304 5631 contensiosus
318 5587 345 5634 el
360 5578 440 5637 laet:
456 5595 508 5652 qua
524 5597 619 5638 omnes
634 5583 660 5639 ln
675 5584 846 5641 conlessione
857 5583 915 5642 es·
966 5599 1030 5642 teres
1042 5603 1124 5641 aneos
1139 5585 1166 5658 (l
1192 5587 1253 5641 Cor.
1279 5590 1347 5657 stu).
1372 5588 1464 5655 Quare
1486 5589 1540 5646 sint
1565 5591 1645 5646 bases
1672 5591 1749 5652 lacte,

125 5662 174 5717 uis
200 5675 225 5720 et
253 5668 311 5727 i'ilii
335 5682 362 5731 ct
387 5675 501 5746 Spiritus
515 5680 600 5737 saneti
614 5680 793 5750 baptizamur,
809 5680 916 5743 dicento
966 5680 1128 5751 totidemque
1142 5681 1181 5737 eis
1193 5681 1355 5751 superposui
1367 5681 1477 5752 luteres,
1490 5698 1572 5754 supra
1585 5684 1643 5754 jam
1656 5682 1751 5739 dictatu
