3794 6120
138 303 195 360 nst

685 305 732 361 nb
752 305 888 363 tilleto
910 304 1105 362 sttobbttts
1124 305 1236 361 llbsslt.

1729 309 1784 370 738

141 420 330 491 penerutimtes.
357 418 390 475 Et
401 418 537 489 aposlolus
557 418 675 477 lacobus
691 419 772 492 (lec.
789 421 847 492 ul:
871 420 937 479 Eme
952 428 974 484 Α
989 422 1036 475 lus
1048 423 1057 492 l
1071 420 1142 475 l’sal.
1156 421 1249 490 ertu),
1278 420 1428 492 multasque
1459 424 1536 478 nobis
1556 425 1582 478 in
1599 418 1679 480 (lento
1694 421 1786 484 Patris

140 513 331 582 beatificemus,
346 510 443 582 inquil,
463 527 506 567 eos
520 529 563 582 qni
588 515 772 569 sustinuerunt.
801 515 938 586 sufferen-

140 604 206 658 tisnt
217 602 268 657 dol
281 603 401 665 audistis,
417 614 440 656 ct
455 603 533 672 finem
544 603 648 659 Dontini
656 606 764 661 uidistis.
776 606 835 662 Non
848 617 937 663 autern

141 692 244 750 frustra
261 695 478 750 commemoratis
498 694 632 764 justorum
653 699 789 766 pressuris
815 698 935 753 addidit:

141 786 176 842 Et
188 787 267 856 finem
284 786 389 841 Dotrtitti
408 788 527 852 uidistis:
542 791 603 858 quia
618 805 704 859 neque
719 790 763 846 ille
790 790 854 845 lune
878 793 937 845 sine

139 877 252 949 flagello
267 877 346 943 exiit,
364 877 408 945 qtti
425 875 468 932 bic
483 878 542 932 sine
554 879 617 932 uitio
633 880 718 944 ιιῑιίις
733 882 833 950 quique
846 881 879 936 ad
895 897 937 936 sa·

140 971 250 1025 naudus
264 968 582 1039 ttrnruaosmortuosqee
597 972 765 1027 suscitandos
779 975 897 1042 apparuit
910 974 935 1028 itt

143 1061 257 1128 ntundu,
278 1061 379 1130 ipseatl
408 1062 666 1130 premonstraudum
681 1066 757 1120 nobis
781 1069 936 1136 etetuplttn

141 1149 290 1221 patientiae,
305 1167 352 1222 per
367 1153 549 1209 infirmitatem
569 1155 663 1210 mortis
681 1158 764 1212 nttluit
790 1160 878 1214 redire
904 1159 936 1215 de

139 1245 252 1301 mttutlo.
266 1241 493 1301 UndePsalmista
505 1261 565 1301 curu
580 1247 813 1316 dixissethsnlm.
827 1250 910 1319 ιιιιι)
925 1269 931 1305 :

137 1337 214 1393 ὒιιιι
227 1345 325 1406 noster,
341 1338 410 1394 Deus
425 1339 508 1394 saluos
529 1339 661 1410 susianen
690 1357 751 1396 tuot
777 1342 936 1399 admirando

140 1428 185 1484 rel
205 1431 297 1499 potius
310 1428 526 1499 obstupescendo
540 1431 696 1500 subiunxit:
710 1429 743 1485 Et
761 1432 868 1488 Dentini
882 1433 936 1490 llu-

138 1519 203 1572 ntini
215 1519 300 1573 crisin
324 1519 424 1574 mortis.
439 1518 529 1589 ltaque
545 1536 593 1589 per
616 1523 772 1590 patientiam
788 1532 815 1578 ct
838 1540 935 1580 conso-

135 1609 267 1665 lationem
281 1609 480 1680 seripturarum
504 1626 579 1680 spent
603 1613 760 1680 babeamus,
782 1616 864 1670 etiam
886 1631 935 1673 uos

138 1702 298 1756 consolandi
334 1712 394 1772 post
426 1712 577 1758 nostratum
604 1703 765 1761 afflictiones
793 1722 933 1776 pressura·

991 514 1031 568 sni
1045 514 1198 568 triansiottes
1209 529 1269 569 esse
1286 515 1442 569 declararit.
1459 516 1576 584 Qttarum
1591 530 1663 571 nunc
1675 531 1777 575 eonsu-

991 604 1090 658 latione
1105 614 1132 658 et
1146 616 1182 670 te,
1198 605 1371 661 dilectissime
1391 606 1549 673 antistitum,
1566 618 1713 675 presentes
1736 624 1780 667 re·

990 711 1048 750 rutn
1065 699 1250 764 temporalium
1264 712 1377 765 attpttres
1393 700 1513 768 qtrutidie
1537 702 1673 768 alleviare,
1700 713 1782 774 atquc

989 788 1024 841 nd
1035 789 1143 842 uidettdu
1157 790 1223 842 bonu
1239 789 1342 843 Domini
1352 793 1377 844 itt
1389 802 1456 845 terra
1467 794 1599 847 nitentium
1613 795 1782 866 (duanam),

990 882 1155 936 transcensis
1179 882 1258 936 malis
1274 883 1410 937 ltorninum
1432 900 1491 952 quas
1516 893 1629 955 regarent
1660 889 1783 945 interra

989 972 1170 1038 morientium,
1181 973 1334 1028 sublimiter
1346 974 1459 1029 animari
1472 991 1524 1030 non
1540 979 1657 1048 ambigo,
1675 989 1704 1032 ιι
1719 990 1781 1047 patu

989 1063 1168 1119 abundantem
1182 1078 1234 1118 non
1252 1074 1353 1119 tantum
1378 1066 1527 1121 divinarum
1555 1071 1659 1140 paginis
1681 1071 1781 1124 littera·

988 1169 1059 1218 rum,
1073 1156 1120 1210 sed
1136 1166 1162 1209 et
1177 1157 1227 1224 piis
1253 1170 1345 1210 carunt
1361 1160 1582 1226 expositionibus,
1605 1175 1671 1231 quas
1699 1176 1779 1217 rene·

989 1247 1072 1302 rande
1103 1256 1206 1316 patrum
1222 1250 1297 1304 atrabis
1312 1249 1449 1318 Scriptura
1469 1252 1586 1320 reliquit.
1607 1253 1704 1308 Verum
1719 1256 1781 1323 quia

988 1354 1054 1394 nora
1070 1355 1182 1410 queque
1197 1356 1388 1408 nonuunquam
1401 1343 1516 1410 amplius
1530 1342 1673 1407 delectant,
1689 1345 1778 1397 risum

987 1429 1052 1484 milti
1066 1438 1117 1496 est,
1133 1430 1291 1498 opusculum
1307 1432 1377 1498 quod
1392 1432 1425 1486 de
1437 1433 1537 1487 lactura
1549 1432 1641 1501 templi
1666 1431 1714 1486 Dei
1739 1445 1783 1487 ιι·

988 1536 1072 1592 quens
1083 1536 1239 1590 maprtoruut
1252 1523 1364 1591 vestigia
1377 1530 1550 1577 tractatorum
1579 1537 1666 1589 nuper
1680 1522 1779 1590 allego·

988 1613 1304 1680 ricecondideram,tuae
1325 1613 1459 1667 sanctitati
1486 1611 1694 1681 percurrendum
1718 1612 1782 1665 mit·

989 1716 1054 1761 ture.
1068 1705 1151 1775 Cujus
1165 1705 1272 1759 lectioni
1289 1705 1420 1768 intentus,
1434 1713 1535 1772 quanto
1551 1705 1628 1771 plura
1640 1702 1778 1756 cluistict

138 1803 210 1858 nrm,
227 1806 288 1847 cutn
299 1802 325 1849 et
340 1792 388 1862 ipsi
405 1793 430 1849 itt
444 1794 614 1850 tribulatione
637 1796 768 1864 patientes
795 1798 933 1854 exstiteri·
951 1783 972 1843 Β
988 1797 1114 1854 Ecclesiae
1125 1807 1290 1852 sacramenta
1302 1795 1419 1864 antiquis
1436 1793 1518 1849 indita
1534 1793 1638 1865 paginis
1666 1794 1778 1846 invene-

139 1894 211 1948 mns,
225 1893 252 1937 el
267 1898 360 1938 eorunt
375 1892 450 1938 actus
477 1883 509 1938 ad
526 1893 643 1939 utentem
668 1886 863 1952 retluterimus‚
888 1887 934 1958 qtti

143 1985 194 2027 tros
208 1981 237 2026 et
252 1972 348 2029 asserito
358 1972 471 2042 justitia
487 1972 566 2044 longe
581 1983 786 2043 precesserunt,
809 1987 836 2030 et
857 1976 935 2048 longe

142 2064 248 2131 maiora
279 2061 357 2118 nobis
378 2063 569 2140 adversitatum
597 2066 743 2120 certamina
773 2067 933 2123 tolerarunt.

142 2153 183 2210 llli
196 2154 296 2210 etenim
307 2154 553 2225 proptetjustitiam
573 2171 623 2227 qua
645 2157 810 2213 excellenter
830 2156 935 2213 cutine-

140 2246 214 2314 banl,
243 2248 444 2318 persecutiones
475 2263 547 2316 saepe
567 2248 736 2318 patiebantur
759 2249 933 2320 iujttstoruut,

138 2346 346 2408 quaternuscum
369 2338 525 2407 operatione
542 2338 653 2411 justitiae
676 2332 803 2397 coronant
826 2342 933 2410 iusupe·

135 2429 232 2484 rabilis
258 2429 394 2500 patientie
411 2432 587 2501 perciperent,
610 2441 637 2486 et
652 2433 878 2502 insupercunctis
906 2449 935 2490 so

136 2523 328 2591 sequentibus,
364 2522 479 2594 gloriosa
506 2522 705 2591 pet-severantia
736 2540 783 2580 sua
823 2525 935 2596 uestigia

136 2612 449 2684 prullxarelinquereul.
466 2611 519 2668 Nos
530 2622 620 2669 autent
635 2613 734 2684 saepius
749 2615 934 2670 misericordia

137 2710 166 2757 el
182 2703 339 2772 provisione
357 2701 512 2759 Cotidilutis
527 2704 611 2758 nostri
627 2720 680 2774 pru
699 2706 797 2760 uostris
818 2707 935 2777 castiga·

133 2805 200 2847 mur
224 2793 369 2862 erratibus,
396 2805 425 2849 ιι
454 2795 555 2850 salubri
578 2797 784 2865 compunctione
804 2799 838 2852 ad
868 2814 933 2853 con·

136 2881 278 2939 seientiam
295 2894 413 2941 nostram
426 2884 582 2954 redeuutes,
604 2888 744 2955 puniamus
765 2888 878 2944 sollicite
895 2887 935 2942 ia-

136 2976 240 3046 crymis
250 2977 423 3042 diluentibus,
439 2977 509 3046 quod
526 2977 659 3033 illecebris
675 2977 829 3032 fallentibus
842 2992 873 3033 ac
888 2993 934 3033 ne·

138 3066 274 3137 plisscntiis
289 3067 463 3132 adntisimus;
479 3069 570 3138 sicque
587 3067 698 3138 jttvaute
715 3068 829 3122 [lantino
841 3083 933 3124 corre-

988 1888 1035 1954 ris,
1050 1895 1148 1959 quanto
1163 1886 1292 1956 ampliora
1309 1885 1343 1938 ibi
1362 1884 1406 1939 bet
1419 1884 1501 1949 dona,
1523 1883 1581 1939 sive
1603 1883 1629 1936 iu
1655 1881 1782 1952 praesenti

987 1983 1065 2037 nobis
1092 1982 1165 2047 data,
1192 1995 1240 2036 ιιι
1275 1979 1301 2035 in
1318 1978 1407 2032 lutttro
1443 1975 1573 2047 promissa
1599 1973 1779 2043 perspexeris,

988 2083 1062 2126 tauto
1078 2072 1179 2126 lctiora
1193 2071 1286 2138 credo,
1307 2080 1334 2126 et
1350 2072 1437 2125 minus
1452 2068 1570 2123 curanda
1583 2065 1702 2120 omnium
1739 2067 1780 2120 la·

989 2161 1109 2215 beatium
1123 2175 1223 2224 rermn,
1238 2169 1264 2212 et
1287 2157 1401 2213 adversa
1427 2157 1560 2226 judicabis
1582 2166 1609 2212 et
1635 2170 1777 2224 prospera;

986 2253 1059 2320 justa
1076 2252 1226 2320 exemplum
1243 2249 1311 2304 beati
1342 2249 1466 2313 loannis,
1482 2249 1528 2318 qui
1553 2249 1587 2302 alt
1611 2248 1778 2315 imperatore

987 2342 1102 2396 uetando
1118 2343 1186 2394 intra
1202 2340 1341 2406 augustias
1357 2340 1436 2393 unius
1452 2337 1620 2406 parcissimae
1641 2338 1777 2406 relegatus

986 2432 1090 2496 insule,
1107 2430 1245 2486 confestim
1259 2445 1273 2483 a
1289 2431 1331 2500 pio
1343 2430 1497 2494 Conditore,
1512 2444 1558 2496 per
1578 2429 1706 2498 Spiritum
1721 2436 1776 2495 est,

986 2522 1018 2578 ιιι
1034 2522 1239 2592 contemplanda
1255 2521 1357 2576 inlluita
1379 2521 1423 2574 illa
1446 2520 1598 2575 celestium
1610 2520 1779 2574 tutansionum

986 2628 1094 2680 arcana,
1111 2615 1294 2679 introductus,
1310 2625 1336 2669 ct
1358 2615 1400 2668 ubi
1418 2623 1525 2693 putatus
1549 2622 1590 2669 cst
1619 2626 1634 2667 a
1656 2612 1777 2682 deceptis

988 2706 1270 2762 bustibusutuicorum
1296 2707 1433 2762 bominum
1459 2707 1560 2761 auxilio
1587 2720 1619 2758 ac
1647 2704 1778 2759 societate

985 2796 1106 2859 destitui,
1123 2797 1158 2850 ibi
1172 2797 1319 2850 amicorum
1353 2797 1510 2863 angelorum
1537 2794 1635 2849 meruit
1665 2802 1777 2862 aspectu

984 2897 1065 2956 atque
1077 2886 1210 2956 colloquio
1221 2887 1333 2954 perlrui.
1349 2890 1369 2939 al
1389 2888 1486 2956 quibus
1501 2887 1625 2953 edoctus,
1641 2900 1675 2940 co
1688 2887 1775 2955 magis

984 2977 1777 3048 magisqueillecebrassaeculietamaritttdinesdidicitesse

984 3072 1159 3140 spernendas,
1172 3085 1225 3141 quo
1235 3071 1375 3126 sublimius
1390 3071 1433 3125 illa
1444 3072 1642 3140 speculabatur,
1655 3083 1715 3140 ιιι)
1726 3082 1778 3139 pro

138 3159 173 3213 cli
188 3159 222 3214 ad
237 3173 313 3229 spent
335 3160 406 3225 tite,
420 3160 452 3214 ad
472 3160 590 3226 illorum,
607 3160 651 3228 uui
670 3160 824 3215 innocentes
839 3137 968 3216 alilictiC
987 3160 1174 3232 magnitudine
1188 3168 1270 3232 alque
1284 3161 1437 3216 aeternitate
1452 3163 1492 3216 sui
1509 3162 1589 3232 louge
1603 3161 1719 3230 amplius
1731 3160 1777 3214 rel

137 3257 218 3316 sant,
236 3265 388 3305 mereamur
400 3253 534 3320 pertinere
549 3252 723 3306 consortium.
740 3250 806 3305 llam
831 3260 859 3307 et
882 3252 933 3307 lmc

140 3335 168 3392 ltt
179 3338 366 3395 consolatione
381 3339 580 3410 scripturarum
595 3341 758 3410 inveniamus,
772 3343 833 3411 quin
857 3341 931 3396 iene-

137 3425 203 3480 tliaeil
215 3424 342 3483 Dominus
356 3444 441 3484 omnes
452 3429 566 3485 timentes
579 3447 614 3494 ιι,
627 3430 736 3500 pusillos
750 3446 807 3485 runt
823 3433 930 3503 mojori·

985 3251 1130 3306 metuenda
1146 3261 1251 3307 constat
1261 3266 1332 3317 esse,
1345 3251 1388 3307 tel
1399 3251 1523 3306 atuauda.
1542 3255 1614 3306 liene
1629 3251 1689 3304 nale
1703 3264 1776 3304 sem·

984 3357 1043 3409 per,
1056 3342 1240 3408 dilectissime,
1255 3352 1283 3397 et
1299 3357 1346 3413 pru
1361 3343 1438 3398 nobis
1450 3343 1597 3398 intercede.

140 3593 1773 3622 mun-W

730 3717 948 3803 INCIPIT
977 3714 1166 3803 LIBER.

804 3885 1111 3900 ψ-

395 3965 507 4023 cnl‘tlt
526 3964 668 4023 lltltttllt.
982 3967 1039 4032 doc,
1055 3974 1078 4019 cl
1092 3965 1119 4019 iu
1129 3964 1209 4018 triens
1223 3963 1311 4018 dictet
1322 3965 1437 4019 excitabo
1450 3964 1518 4020 illud
1532 3965 1622 4039 (dcun.
1638 3967 1682 4039 ιι).
1698 3970 1775 4037 Quttd

140 4088 212 4156 Quod
230 4080 366 4153 tt‘dt'firuta'o
391 4077 550 4134 tubernaculi
571 4090 595 4133 et
609 4079 697 4149 templi
709 4095 787 4134 uuam
812 4080 927 4135 eamdem
980 4070 1117 4127 exponens
1136 4054 1307 4125 evangelista,
1324 4055 1463 4125 sttbjunttil
1479 4073 1485 4108 :
1501 4055 1654 4110 diurnalem
1674 4060 1775 4113 dicebat

332 4151 428 4207 Christi
446 4149 587 4204 Ecclesiam
607 4150 729 4222 desiqnel.
980 4149 1013 4202 de
1023 4149 1116 4219 lmnplu
1135 4148 1251 4216 corporis
1267 4147 1315 4202 sui.
1335 4147 1404 4202 llicit
1418 4158 1507 4203 autem
1522 4147 1667 4217 nummus
1681 4150 1713 4205 de
1725 4168 1775 4205 no-

171 4247 272 4302 nomos
285 4241 331 4300 bei
345 4255 424 4312 quarn
437 4239 579 4295 mdillearit
597 4253 643 4294 tex
658 4239 784 4295 Salomon
800 4239 828 4294 in
848 4240 925 4296 Jeru-
980 4240 1041 4297 bis:
1059 4236 1172 4293 Nescitis
1196 4240 1255 4307 quie
1271 4240 1394 4307 templum
1414 4237 1464 4294 Dei
1475 4240 1545 4304 estis,
1562 4249 1585 4294 ct
1596 4238 1711 4308 spiritns
1723 4241 1773 4298 Dei

138 4340 234 4404 salem,
254 4341 281 4391 in
296 4334 405 4406 ngumu
422 4331 489 4386 lacta
500 4339 540 4387 est
554 4330 822 4386 sanctteunircrsalis
836 4331 927 4388 Eeelc·
982 4331 1114 4386 habitatin
1126 4329 1195 4384 uelle
1208 4327 1251 4400 (ll
1267 4329 1328 4383 Cor.
1340 4330 1388 4398 ιι).
1405 4329 1432 4384 st
1447 4344 1512 4401 ergo
1525 4331 1569 4384 ille
1586 4331 1712 4400 templum
1726 4334 1773 4389 bei

135 4432 190 4497 sia,
203 4445 263 4502 quae
286 4444 300 4483 a
321 4429 407 4498 primo
430 4424 516 4480 electo
537 4423 668 4493 usquead
692 4423 827 4489 ultimum,
843 4424 886 4494 qui
902 4425 928 4479 in
941 4422 969 4483 D
982 4436 1031 4493 per
1041 4430 1207 4491 assumptam
1223 4420 1415 4474 buntanitatem
1434 4421 1519 4473 lactus
1534 4429 1575 4474 est
1585 4461 1592 4484 ,
1604 4430 1632 4474 ct
1644 4436 1694 4476 nos
1706 4431 1775 4477 lerat-

136 4523 186 4580 dne
200 4521 293 4577 mundi
309 4519 460 4574 nasciturus
474 4525 525 4582 est,
540 4515 658 4587 quotidie
669 4529 717 4584 per
730 4516 843 4585 gratiam
856 4517 928 4586 regis
981 4515 1053 4583 plum
1071 4511 1117 4566 liei
1139 4525 1187 4580 per
1212 4509 1405 4564 iubabltantem
1433 4508 1560 4578 Spiritum
1577 4514 1635 4582 ejus
1653 4515 1683 4569 ιιι
1696 4514 1774 4571 nabis

135 4616 249 4684 pactttet,
265 4615 306 4671 stti
322 4613 446 4669 videlicet
469 4610 673 4680 Redemptoris,
687 4609 844 4664 edificatur.
863 4612 928 4677 Quae
980 4605 1125 4669 allicimur,
1142 4613 1248 4658 constat
1264 4602 1355 4672 utique
1369 4602 1429 4671 prtia
1447 4603 1559 4673 figuram
1574 4608 1695 4660 omniunt
1712 4622 1774 4661 nos-

136 4705 233 4774 partitu
248 4704 434 4776 peregrinatur
448 4701 535 4754 adbuc
548 4698 582 4753 ab
597 4699 642 4752 illo
671 4697 696 4752 itt
723 4699 814 4763 terris,
832 4699 927 4765 purtim
980 4708 1050 4752 trum
1066 4706 1091 4751 et
1103 4696 1199 4765 ipsius,
1214 4694 1320 4748 botuuini
1332 4695 1456 4750 videlieet
1472 4704 1500 4750 et
1512 4698 1697 4754 membrorum
1710 4702 1770 4770 ejus

133 4794 223 4850 erasis
248 4791 436 4864 peregrinandi
460 4791 588 4845 aeromrtis
616 4803 678 4845 curu
694 4787 807 4858 illajam
833 4798 929 4859 regnat
979 4803 1038 4858 utrm
1063 4800 1250 4852 nossemus,
1277 4785 1407 4857 templum
1424 4787 1488 4840 illud
1513 4789 1653 4844 materiale
1676 4793 1771 4846 tenuit.

133 4883 261 4951 incoelis,
275 4885 330 4952 ubi,
347 4892 456 4952 peracto
470 4881 566 4936 ultimo
578 4879 694 4949 judicio,
707 4888 762 4933 tota
775 4887 817 4932 est
830 4893 926 4949 regna·
979 4877 1034 4934 Sed
1057 4877 1153 4948 ipsius,
1183 4884 1304 4944 tunquam
1330 4877 1426 4942 lapidis
1448 4879 1582 4946 capularis
1608 4879 1773 4949 sinpaleritcr

133 4985 190 5033 tura
210 4991 274 5034 cum
305 4974 376 5045 ipso.
402 4972 442 5028 Ad
467 4972 536 5026 hane
550 4970 658 5024 domum
689 4969 823 5037 pertinent
849 4969 928 5026 electi
979 4970 1064 5036 electi,
1079 4979 1103 5024 el
1118 4968 1233 5039 pretiosi,
1250 4969 1277 5022 in
1291 4968 1458 5028 fundamento
1472 4969 1586 5040 fundati,
1597 4973 1679 5026 nostri
1688 4983 1772 5026 sttlrm

132 5067 239 5139 sapen,
262 5079 376 5137 quorum
390 5065 468 5118 uobis
486 5059 633 5116 similitudo
647 5060 672 5114 iu
688 5058 776 5113 lutura
800 5061 854 5114 rita
867 5074 928 5130 pro·
980 5071 1101 5132 munuum
1114 5061 1231 5132 lapidum
1255 5076 1381 5128 annorum,
1409 5062 1671 5133 superaedificatorum
1694 5079 1773 5134 caspar

130 5160 261 5227 mittitur,
277 5159 384 5215 dicento
400 5156 512 5211 Dumitm
525 5172 532 5207 :
543 5153 586 5207 llli
600 5161 690 5207 autent
700 5151 745 5223 qui
756 5151 828 5223 digni
842 5151 927 5208 itabe-
979 5155 1176 5227 {undamentum
1200 5156 1376 5220 apostolorum
1400 5163 1424 5208 et
1449 5154 1643 5224 propietatem,
1670 5156 1718 5210 itur
1733 5165 1772 5212 ιιι

130 5247 233 5305 buntur
248 5248 350 5305 secculo
381 5244 438 5311 illo,
464 5251 491 5300 et
509 5242 707 5299 resurrectione
737 5257 770 5297 et
803 5243 926 5308 mortuis,
979 5261 1057 5313 snper
1075 5245 1159 5315 iprum
1174 5243 1434 5316 Duntinmttd'pltes.
1452 5246 1495 5315 ιι).
1514 5245 1591 5312 Quod
1617 5248 1713 5301 melius
1736 5262 1770 5303 ex

128 5358 214 5413 seque
223 5339 339 5405 uniunt,
353 5354 433 5410 neque
442 5337 539 5391 ducunt
553 5352 657 5403 uxores,
682 5338 845 5406 nequeenim
860 5339 928 5392 ultre
979 5339 1150 5394 consideratu
1164 5339 1259 5394 ordine
1274 5339 1332 5407 ipso
1346 5338 1439 5407 templi
1463 5337 1590 5394 aditeuti
1612 5341 1724 5408 patebit,
1741 5351 1770 5397 ιι

126 5433 336 5506 sempeternus.
357 5428 483 5502 AEpnules
494 5429 562 5482 cuim
577 5428 756 5500 unpelissnut,
771 5429 857 5496 elpidii
868 5439 927 5483 attnt
980 5432 1006 5486 in
1027 5430 1186 5501 quibusdam
1206 5429 1330 5485 videlicet
1347 5429 1430 5500 ligura
1446 5429 1479 5483 ad
1510 5429 1599 5499 ipsum
1615 5430 1766 5496 Delminum,

125 5520 189 5595 nu,
206 5541 268 5581 cnm
277 5524 383 5594 siutfitii
393 5522 588 5580 resurrectionis
603 5520 709 5594 (Mettis.
723 5523 791 5595 ιιι).
803 5521 843 5578 nd
858 5522 927 5579 itanc
979 5523 1005 5579 itt
1016 5521 1173 5591 quibusdam
1196 5535 1261 5576 roro
1276 5521 1309 5576 ad
1325 5535 1418 5575 purnes
1443 5520 1546 5576 electus
1572 5524 1714 5590 pertineat,
1741 5526 1768 5582 iu

125 5620 249 5692 pertinet
261 5618 317 5689 ipse
331 5617 459 5674 llediator
473 5615 521 5673 [lei
532 5625 559 5671 et
571 5616 708 5671 bominum
725 5616 807 5671 bomo
832 5615 926 5672 Claris-
979 5614 1137 5687 quibusdum
1152 5613 1338 5668 intenteratam
1354 5613 1379 5666 iu
1395 5613 1471 5668 coelis
1482 5614 1640 5683 angelorum
1655 5615 1772 5673 lelicita·

126 5721 172 5768 tus
184 5709 279 5777 leurs,
294 5709 352 5780 ipsu
366 5715 509 5765 attestante
532 5720 592 5763 cunt
614 5707 649 5764 ait
665 5722 673 5761 ι
690 5705 790 5766 Solvite
803 5706 926 5782 templum
981 5717 1046 5767 tem.
1063 5706 1090 5760 in
1112 5703 1270 5768 tpdbusdam
1294 5704 1419 5761 int-letam
1436 5705 1462 5762 itt
1479 5704 1560 5763 terris
1573 5705 1711 5766 bominum
1724 5727 1773 5782 pa·
