3794 6120
127 280 184 339 885
399 273 432 332 tit
449 272 634 332 stttbtbeu
655 271 860 329 bituittetstt
882 267 1096 324 studebimus
1118 267 1307 324 exeustitu.
1327 296 1360 307 —
1381 264 1444 320 ltu.
1465 263 1497 320 11.
1709 261 1763 318 ’586

130 391 440 451 bssstinmdelenduntur
461 387 627 451 incursibus,
644 395 672 440 et
690 386 781 440 bamm
796 383 920 439 consola·
938 383 1040 451 bergo
1053 382 1141 451 plaga,
1163 396 1242 449 quam
1255 378 1387 435 louatban
1410 389 1437 433 et
1457 379 1572 446 armiger
1585 391 1644 447 epu
1656 391 1763 447 percus-

131 487 206 541 tiette
220 483 352 545 recreati,
374 481 407 534 ad
431 478 598 549 superandos
613 477 721 531 eosdem
746 473 926 543 nequissimos
974 487 1044 539 sere,
1063 471 1154 542 viginti
1172 474 1289 527 virorum
1304 481 1354 535 est,
1370 471 1396 524 in
1411 469 1496 524 media
1517 476 1591 536 parte
1611 468 1718 538 jugeri,
1733 484 1765 521 ar.

130 574 315 635 adrersarios,
333 571 376 624 nbi
392 580 497 638 tempus
510 566 649 629 arriserit,
663 563 767 634 publica
780 561 927 630 procedunt
976 564 1038 620 inde
1052 564 1162 630 turbati,
1177 576 1256 634 atque
1280 566 1332 618 buc
1352 564 1467 632 illucqne
1493 561 1660 624 dilluaientes
1682 561 1766 616 l‘bili-

134 671 162 724 ie
175 681 258 736 opera
274 665 415 718 uirtutum.
978 657 1080 719 stiriira,
1095 658 1251 711 alterutrum
1263 669 1293 710 se
1304 669 1399 726 rrsagna
1411 654 1489 708 nimis
1500 653 1574 707 coede
1585 661 1767 721 prosternunt.

173 756 207 812 Et
222 754 371 811 locatissnl
385 745 641 805 sirldsslals'sucud
653 743 797 808 Jsualdsstt.
813 753 865 797 etc.
877 741 928 795 Sti·
978 746 1067 801 Primo
1093 758 1157 800 suos
1185 744 1275 799 bastes
1300 744 1429 806 Ecclesia,
1456 756 1515 811 qum
1540 741 1726 812 peregrinatur
1753 759 1767 793 n

137 849 219 919 perba
236 846 352 900 linaium
366 840 457 895 ἰῐιῑιίθ
471 848 499 894 et
514 832 927 905 deliteam·fidilibtttfitlttcllm
980 836 1102 903 bomine,
1118 835 1330 905 perspirituaies
1345 834 1485 904 irrugistros
1499 847 1530 886 ac
1545 831 1691 901 discipulos
1704 832 1768 886 obe-

135 937 324 996 aaoc'iscendae
344 933 451 988 uirtutis
475 929 576 985 tribuit.
618 928 688 983 bute
719 926 823 980 ruinam
857 922 928 978 enim
977 925 1082 982 dienies
1106 927 1142 1005 ab
1161 926 1305 980 obsidenda
1334 923 1517 993 turbandaque
1531 937 1639 976 suornm
1662 923 1712 975 llde
1726 927 1769 978 ret

135 1034 273 1089 exaltatur
286 1026 408 1099 spiritus,
426 1031 454 1079 et
465 1031 529 1079 ante
541 1019 654 1091 gloriam
666 1017 822 1073 humiliatur
838 1012 928 1087 (Peos.
979 1018 1135 1086 operatione
1169 1030 1363 1085 compescens,
1399 1014 1467 1069 lilios
1503 1013 1597 1068 mortis
1634 1015 1770 1078 ostendit;

136 1120 206 1193 m),
980 1109 1077 1164 deiude
1100 1108 1264 1164 seinvicem
1290 1107 1340 1174 ipsi
1365 1105 1524 1160 variantium
1549 1120 1669 1160 errorum
1694 1110 1770 1175 rptrasi

172 1210 294 1268 Auendit
307 1216 392 1261 ostem
413 1202 555 1267 lanosum,
570 1211 673 1271 reptans
686 1197 802 1252 uteribus
816 1203 841 1248 el
860 1192 931 1265 pedi·
980 1199 1095 1255 adverso
1110 1214 1238 1254 mucrone
1253 1199 1401 1267 crrnligunt,
1417 1197 1452 1250 ila
1473 1206 1512 1261 ut,
1527 1195 1706 1265 triumphante
1722 1197 1772 1250 Ec.

136 1301 195 1368 ssa,
209 1309 263 1356 etc.
297 1297 464 1353 nauitestum
489 1293 596 1363 quidem
616 1298 658 1345 esi
680 1287 781 1357 maiuli
805 1284 930 1353 tentatio·
981 1290 1074 1357 alesia,
1091 1290 1176 1360 palam
1192 1290 1227 1345 de
1241 1291 1282 1344 bis
1297 1292 1381 1358 possit
1406 1287 1536 1358 intelligi,
1561 1289 1631 1357 tqttorl
1652 1289 1771 1344 dicitur·

137 1406 203 1449 nram
227 1387 366 1443 obstacula
389 1383 491 1455 tnajore
510 1383 637 1437 rirtntnm
659 1380 717 1434 nisu
732 1378 831 1432 debere
844 1387 931 1429 traus-
981 1381 1047 1448 Quia
1062 1394 1154 1434 versus
1179 1381 1265 1436 luerat
1283 1379 1388 1452 gladius
1412 1381 1624 1448 uniuscujusque
1638 1382 1670 1434 ad
1684 1383 1772 1436 ureri-

138 1480 216 1536 cemli
226 1497 233 1544 ;
245 1477 317 1548 qnod
334 1486 397 1530 tunc
408 1475 460 1530 rite
472 1474 618 1542 perdcitur,
634 1486 693 1526 cum
708 1475 827 1523 arnratus
837 1475 932 1520 contra
983 1484 1057 1525 mum
1072 1484 1160 1523 sturno.

138 1570 257 1633 bomem,
274 1566 384 1620 bumilis
397 1564 504 1618 auditor
520 1561 664 1627 spiritualis
676 1574 724 1628 per
736 1556 826 1635 omitia
839 1554 931 1624 sequi·
1019 1558 1053 1614 llt
1064 1562 1160 1631 lactum
1175 1571 1211 1615 css
1231 1561 1384 1615 miraculum
1398 1561 1425 1615 iu
1445 1562 1536 1615 cestris
1558 1577 1603 1630 per
1618 1577 1704 1632 apros,
1719 1573 1773 1619 etr.

138 1669 185 1714 ιιι·
197 1657 321 1722 exentpla
335 1653 517 1725 praeceptoris.
543 1652 597 1707 Sed
622 1650 655 1705 de
670 1651 723 1704 situ
739 1647 790 1702 loci
806 1646 928 1715 tnrjnsce.
985 1651 1112 1707 biiraculo
1127 1652 1156 1705 lit
1175 1650 1296 1720 reprobis
1310 1652 1460 1705 constantia
1481 1648 1618 1718 uirtusque
1630 1651 1773 1719 justorum,

136 1751 209 1820 qaod
234 1746 328 1802 lectori
348 1744 513 1800 manilestior
538 1743 595 1807 bat,
619 1738 726 1809 losepbi
742 1737 822 1793 rerba
841 1735 931 1790 ridea-
951 1720 1062 1807 Bqnasi
1076 1739 1327 1794 castrametantibus
1347 1754 1393 1808 per
1407 1753 1495 1807 agros,
1518 1754 1565 1792 cor
1588 1741 1775 1805 exercitatum,

138 1836 314 1907 moslensiq.
331 1849 369 1898 rt,
387 1835 425 1903 7).
442 1851 452 1884 ι
470 1833 565 1895 lirant,
580 1831 683 1899 inquit,
705 1836 791 1882 castra
816 1824 933 1880 bostium
988 1827 1087 1882 malitia
1110 1828 1209 1895 pariter
1233 1838 1260 1880 et
1283 1826 1441 1881 deliciarum
1468 1826 1603 1881 albuenlia
1628 1829 1773 1883 resolutum

138 1941 224 1999 saper
247 1924 387 1995 scopulum
409 1923 552 1978 babentem
573 1921 776 1976 subtilissimam
791 1916 934 1986 longitudi·
988 1919 1155 1975 labentibus.
1187 1918 1262 1974 Unde
1287 1917 1381 1972 beatus
1408 1918 1544 1986 apostolus
1573 1918 1686 1982 Petrus,
1714 1933 1774 1973 cuut

140 2032 205 2074 ιιιιι
220 2015 306 2071 tribus
318 2013 462 2070 rersicibus
478 2012 639 2068 acutissimis
651 2012 857 2080 prominentem,
874 2021 935 2062 sco·
990 2011 1122 2064 luxuriam
1136 2007 1300 2063 describeret
1311 2021 1406 2063 eorum
1420 2010 1465 2078 qui
1479 2009 1552 2064 reiut
1567 2008 1594 2063 in
1605 2024 1669 2079 agro
1684 2008 1776 2064 libera·

140 2109 212 2180 pulis
227 2123 274 2178 per
287 2107 427 2162 circuitum
442 2103 585 2169 euntibus,
599 2113 627 2158 et
640 2103 715 2173 quasi
729 2100 937 2171 propugnaculis
989 2098 1129 2166 roluptatis
1143 2098 1311 2165 residentes,
1336 2099 1362 2153 ln
1377 2098 1528 2168 desideriis,
1551 2100 1715 2167 vinolentiis,
1730 2115 1776 2155 co-

140 2200 297 2257 inrasiuncs
319 2198 492 2271 pugnantium
516 2195 727 2267 prohibentibus.
745 2190 938 2249 Undecontin·
988 2192 1213 2254 messationibus,
1245 2190 1442 2260 potationibus,
1474 2203 1499 2246 et
1523 2190 1622 2247 illicitis
1644 2190 1775 2246 idolorum

141 2290 222 2360 gebat
243 2299 274 2346 ut
297 2288 425 2345 custodes
457 2290 588 2343 minorem
611 2285 740 2341 baberent
766 2281 935 2339 solitudinem
990 2283 1105 2340 cultibus
1121 2285 1200 2338 vitam
1221 2282 1331 2348 ducunt,
1346 2283 1467 2348 adiunxit
1488 2283 1598 2338 dicens:
1619 2280 1652 2336 ln
1666 2299 1715 2351 quo
1729 2283 1779 2336 ed·

143 2388 312 2445 castroruttt3
327 2379 388 2446 quia
402 2387 496 2433 natura
509 2378 585 2432 locus
599 2377 642 2431 ille
656 2374 779 2431 omnibus
794 2373 937 2428 ridebatur
988 2377 1115 2431 mirantur
1128 2393 1179 2431 nou
1198 2376 1407 2432 concurrentibus
1420 2374 1490 2430 solia
1499 2375 1526 2429 iu
1539 2375 1653 2430 eumdem
1667 2375 1776 2429 laurio

142 2479 205 2523 esse
219 2467 348 2529 munitus,
373 2472 402 2519 et
422 2465 455 2520 ad
482 2463 640 2533 capiendum
666 2463 742 2518 valde
766 2461 892 2527 dllllcilis,
905 2474 938 2515 eo
988 2463 1205 2535 contusionem!
1220 2463 1293 2519 Petr.
1309 2465 1359 2532 ιι).
1375 2463 1428 2520 Sed
1443 2472 1471 2518 et
1483 2462 1636 2532 spirituales
1650 2462 1777 2519 aduersa·

143 2557 215 2626 qaod
229 2571 284 2613 uon
299 2557 387 2612 solum
403 2556 458 2612 illic
480 2557 635 2621 ascendere,
650 2556 697 2610 sed
712 2554 792 2610 etiam
809 2555 938 2611 accedere
989 2555 1034 2623 rii,
1045 2556 1167 2626 quamsis
1181 2556 1305 2610 bumana
1325 2555 1418 2610 salutis
1441 2554 1564 2611 acerrimi
1584 2554 1735 2625 praedones,
1751 2563 1777 2610 et

144 2646 254 2703 dillleile
267 2646 413 2703 rideretur.
435 2645 501 2703 Cum
516 2662 580 2714 ergo
595 2648 713 2701 venisset
726 2647 759 2701 ad
783 2655 870 2701 castra
892 2644 939 2700 lo·
990 2651 1040 2719 ipsi
1064 2651 1244 2717 perlectorum
1267 2651 1385 2704 rirorum
1401 2649 1590 2717 obstupescere
1613 2649 1695 2711 lacta,
1720 2662 1780 2715 per·

148 2738 254 2804 salbas,
278 2737 438 2807 armigerum
464 2736 643 2792 confortabat.
659 2755 670 2790 s
696 2737 729 2791 Et
752 2737 831 2806 paulo
854 2746 937 2806 post:
988 2742 1117 2796 lectarum
1133 2755 1242 2810 precum
1259 2749 1469 2807 caeterarumque
1487 2736 1615 2791 virtutum
1630 2737 1717 2791 solent
1731 2750 1778 2791 ce-

151 2842 162 2880 r
177 2827 433 2898 smedentesigitur
447 2826 481 2881 od
493 2827 641 2883 exercitum
653 2827 781 2891 bostium,
793 2835 939 2896 apparente
990 2830 1053 2886 dere
1067 2830 1214 2886 deuotioni.

150 2915 201 2986 iasa
220 2916 278 2984 die,
299 2917 422 2972 ridemnt
445 2932 493 2973 eos
512 2917 658 2974 Palaestini.
686 2937 696 2971 s
724 2917 787 2973 item
810 2925 871 2988 posi
892 2917 941 2972 all·
1027 2920 1060 2975 lit
1080 2918 1230 2974 corrturlmto
1253 2927 1289 2974 est
1309 2930 1386 2986 terro,
1399 2927 1451 2973 etc.
1472 2916 1506 2974 llt
1521 2926 1626 2974 terrena
1646 2917 1780 2986 sapientes

153 3018 261 3076 qsauta,
276 3023 338 3065 cum
353 3009 533 3065 insultantium
550 3009 769 3066 l’bilistbinorum
783 3011 864 3067 rerba
878 3025 940 3067 nar·
992 3011 1025 3067 ad
1040 3012 1188 3068 eoelestium
1203 3013 1320 3066 uirorum
1336 3008 1404 3065 lacla
1417 3008 1625 3076 conturbentur;
1642 3018 1671 3063 ut
1681 3009 1780 3063 dumo·

152 3110 244 3168 tasset,
268 3100 390 3170 adjunxit
417 3119 423 3155 :
445 3121 454 3154 t
469 3101 554 3169 Quam
579 3117 670 3158 rocem
692 3111 767 3172 grate
790 3102 939 3174 suscipiens
954 3067 978 3132 c
995 3117 1042 3157 nes
1056 3102 1090 3156 ab
1102 3102 1253 3157 bominibus
1264 3101 1442 3167 attentandis,
1458 3102 1541 3155 lracta
1554 3116 1662 3155 suarum
1682 3100 1777 3155 virium

155 3190 211 3247 Saul
226 3191 310 3258 dilus,
326 3200 451 3261 tauquam
471 3191 495 3248 ei
511 3193 648 3248 rictoriam
663 3193 860 3264 designantem,
877 3202 941 3249 tunc
992 3195 1171 3265 malignitate,
1191 3201 1336 3248 trementes
1361 3200 1550 3262 gementesque
1575 3193 1705 3258 resiliant,
1725 3209 1779 3249 uon

152 3283 256 3348 isidem
269 3281 305 3336 ab
321 3281 368 3336 illo
386 3279 457 3348 loco,
471 3283 498 3336 io
512 3297 565 3353 quo
579 3282 673 3339 bostes
701 3283 805 3339 luerans
823 3284 882 3351 risi,
898 3298 941 3338 re-
993 3285 1117 3340 burana
1132 3284 1236 3339 virtutis
1258 3298 1336 3352 opus,
1361 3284 1407 3338 sed
1433 3285 1589 3337 miraculum
1615 3293 1658 3338 est
1685 3284 1781 3339 diuina·

152 3378 246 3438 sessim
262 3381 423 3443 mutansque
439 3373 527 3428 locum
542 3376 614 3430 seuit
628 3375 661 3430 ad
677 3385 797 3444 petram,
812 3391 871 3445 quae
883 3387 942 3432 erat
993 3379 1108 3449 pietatis.
1119 3375 1195 3433 Unde
1205 3377 1313 3442 Paulus,
1325 3389 1387 3430 cum
1402 3375 1503 3430 diceret
1516 3391 1544 3430 se
1558 3377 1616 3443 plns
1631 3377 1682 3430 illis
1695 3378 1781 3430 omoi-

147 3471 261 3532 propler
287 3463 450 3518 munitiones
477 3464 595 3519 locorum
620 3465 740 3521 desolata
759 3466 939 3537 custodibus,
993 3468 1044 3524 bus
1060 3470 1206 3533 laborasse,
1220 3468 1348 3523 continno
1366 3467 1521 3531 snbjunxit:
1540 3465 1600 3521 ileu
1620 3479 1705 3521 cutem
1723 3484 1783 3538 eqo.

143 3551 369 3622 ettertndequast
381 3563 502 3621 repentes
515 3563 542 3609 et
557 3555 693 3611 trabentes
705 3557 865 3625 semetipsos
880 3573 940 3613 cum
992 3559 1038 3616 aed
1050 3561 1134 3630 qratia
1146 3557 1194 3612 Dei
1208 3555 1346 3627 nummii
1358 3555 1417 3611 cn.
1434 3558 1479 3623 rs)

140 3642 233 3698 mulso
247 3642 351 3708 labore,
366 3653 486 3698 naturam
508 3644 558 3699 luci
574 3647 707 3711 vicerunt,
721 3653 751 3701 ut
765 3645 799 3700 ad
817 3646 941 3701 inimicu-
1030 3650 1064 3704 El
1083 3660 1247 3719 respuerunt
1265 3648 1438 3714 speculatores
1459 3646 1533 3709 Sosi,
1557 3654 1608 3700 etc.
1631 3644 1785 3714 [lespiciunt

132 3742 208 3791 ΠΜ
221 3742 312 3789 11511*
326 3733 539 3800 ἅθδθθῡᾶθῐθιῑι
555 3735 742 3804 illusibilem
755 3738 796 3791 01⁸
806 3735 940 3792 dllfflleu·
995 3741 1169 3813 praesteria
1184 3742 1209 3794 bi
1223 3743 1267 3810 qui
1282 3740 1426 3808 Scriptura
1440 3751 1539 3791 sanctae
1561 3739 1697 3805 speculam
1717 3752 1782 3791 corr·

133 3823 233 3889 Uim.
246 3823 404 3879 occiderunt
419 3824 525 3894 quidem
538 3824 614 3894 quasi
640 3825 767 3894 uiginti.»
787 3825 885 3880 lerum
901 3826 942 3881 bis
992 3831 1165 3894 scenderunt,
1181 3841 1209 3884 et
1228 3839 1290 3884 sunt
1310 3829 1337 3883 tn
1358 3830 1426 3884 colle
1442 3829 1487 3882 titii
1500 3829 1633 3890 dexterae,
1654 3828 1781 3886 trannin

129 3906 272 3968 loorrutn
287 3915 373 3983 gratia
387 3917 620 3982 commemoratis,
643 3916 675 3969 ad
700 3917 842 3971 scrutanda
861 3931 943 3971 sacras
994 3921 1101 3976 sublimi
1126 3920 1276 3976 coelestium
1292 3934 1403 3987 opernm
1417 3934 1480 3972 ane
1492 3919 1640 3983 constituti,
1657 3928 1683 3974 et
1695 3920 1783 3974 scien-

125 3996 297 4073 sciptura
307 4005 434 4076 mysteria
448 4006 600 4062 redeamus.
996 4015 1032 4069 tia
1047 4012 1170 4068 videlicet
1182 4027 1265 4082 pura,
1288 4020 1317 4067 et
1337 4010 1449 4079 simplici
1469 4010 1575 4065 actione
1599 4011 1736 4080 praeclari,
1751 4027 1783 4065 ac

189 4093 223 4151 El
242 4096 314 4164 lecta
336 4097 413 4165 plage
433 4098 528 4167 mimo,
553 4114 605 4170 qus
628 4103 752 4167 percussit
771 4101 898 4158 lotrutlrcs
920 4112 944 4157 et
997 4105 1074 4174 primi
1087 4101 1291 4158 rnirunnrideur
1306 4102 1460 4166 inssantem,
1476 4098 1618 4169 legemque
1630 4114 1781 4170 pravorum.

124 4187 342 4256 trstigerep'ss,
356 4199 408 4242 ete.
426 4188 556 4243 berarius
575 4205 711 4255 numerus,
727 4201 756 4246 ιιι
769 4202 872 4248 certum
893 4203 943 4259 est,
999 4194 1056 4250 Non
1071 4194 1143 4249 enim
1157 4191 1275 4246 omnium
1289 4201 1330 4247 est
1343 4191 1548 4257 catholicorum,
1558 4191 1633 4246 lectis
1644 4190 1784 4248 itaetetlco·

120 4278 344 4333 tuteutonun
361 4280 440 4333 boum
454 4281 495 4335 rel
510 4285 675 4349 operationis
694 4284 763 4339 solet
784 4286 944 4355 signillcare,
998 4302 1058 4342 rum
1080 4283 1250 4354 gentiliumve
1276 4282 1381 4341 libellis,
1407 4297 1468 4336 mor
1493 4281 1556 4350 quid
1570 4282 1595 4336 in
1621 4281 1661 4336 eis
1686 4281 1785 4336 erroris

136 4367 197 4423 *el
208 4369 350 4425 mercalis.
363 4374 396 4426 Αι
411 4382 503 4427 contra
519 4375 681 4445 vicenarius,
693 4376 720 4431 in
732 4393 786 4448 quo
795 4378 877 4434 laceb
889 4393 945 4433 ser·
960 4377 1167 4475 Durotincum
1180 4389 1344 4445 agnoscere3
1359 4373 1455 4427 auditis
1479 4373 1678 4428 dialecticorum
1694 4389 1786 4427 sersu-

142 4458 221 4514 virit
242 4460 333 4515 laban
346 4464 425 4532 Syro,
442 4470 470 4519 et
484 4464 559 4519 lratri
584 4465 665 4529 Esau,
689 4483 767 4537 quem
794 4470 863 4529 uene
883 4469 946 4524 odio
1002 4471 1056 4536 tiis,
1072 4468 1143 4524 illico
1153 4467 1276 4522 ruinosos
1290 4465 1476 4533 deceptionum
1493 4465 1601 4535 laqueos
1616 4474 1701 4520 aeut-o
1712 4481 1788 4521 strett-

146 4544 259 4612 habuit,
284 4565 394 4605 munera
418 4551 498 4639 irrisit,
523 4554 703 4621 duplicitatem
729 4572 870 4626 pravorum
895 4559 945 4613 do·
1001 4559 1036 4613 tis
1049 4561 1193 4630 sagacitate
1207 4559 1380 4625 discernere;
1395 4557 1441 4613 sed
1457 4572 1550 4612 eorum
1568 4555 1611 4626 qui
1628 4557 1729 4613 diutina
1746 4560 1787 4612 tel

150 4650 287 4703 umatum,
301 4654 363 4707 qua.
378 4641 543 4711 siruplicibus
555 4653 583 4698 et
603 4644 729 4702 Ecclesia
746 4647 888 4714 membris,
904 4649 945 4704 rel
1001 4646 1172 4704 meditatione
1194 4648 1402 4717 scripturatum,
1428 4648 1469 4702 rel
1486 4648 1614 4702 virtutum
1630 4650 1714 4720 gratia
1728 4665 1789 4718 pro·

150 4731 270 4786 numnis
289 4731 469 4797 devotiorem,
493 4736 533 4788 rel
556 4737 743 4791 certitudinem
767 4752 890 4806 superma
903 4755 947 4795 re·
1002 4747 1133 4802 merente,
1153 4739 1316 4792 exercitatos
1331 4739 1430 4792 babent
1444 4751 1538 4791 sensus
1551 4737 1583 4791 ati
1598 4737 1788 4792 discretionum

153 4821 306 4878 tributionis
325 4832 448 4894 satagunt
460 4823 576 4890 aulerre,
594 4826 769 4881 demonstras.
784 4827 868 4883 lledia
885 4844 947 4898 pars
1002 4829 1063 4883 boni
1078 4838 1106 4882 et
1120 4827 1198 4894 mali;
1211 4830 1353 4882 turritorum
1367 4841 1434 4894 pene
1447 4830 1510 4882 moti
1526 4829 1616 4897 pedes,
1632 4815 1788 4895 pene⁸ellnsi

154 4911 240 4980 lugeri
258 4914 353 4967 arandi
374 4914 492 4970 Ecclesia
499 4908 559 4982 'est,
574 4932 633 4986 qua
644 4918 670 4971 in
685 4921 766 4972 terris
779 4919 867 4974 adbuc
877 4921 947 4976 inter
1000 4931 1198 4991 sunlgressus,
1219 4922 1279 4991 quio
1297 4923 1443 4974 micuerunt
1454 4923 1480 4974 in
1498 4920 1684 4991 peccatoribus,
1701 4937 1786 4987 puccm

157 5006 285 5073 reprobos
297 5015 465 5073 conuersata,
479 5011 649 5078 correptione
664 5011 868 5076 predicatorum
882 5028 948 5082 gau·
1002 5024 1162 5083 peccatorum
1175 5015 1297 5068 ridentes.
1321 5013 1356 5067 ,tr
1369 5013 1520 5081 speculator
1539 5011 1584 5065 lile
1608 5011 1788 5065 nobilissimus

158 5103 202 5154 rtet
221 5100 255 5156 ad
279 5100 428 5171 gignendus
447 5104 508 5157 ritae
531 5101 633 5159 lructus
654 5107 785 5163 exerceri.
804 5107 854 5161 Par
869 5107 948 5161 boum
1003 5105 1241 5175 usqueadcoilem
1258 5104 1436 5159 illidentem
1456 5103 1611 5158 mirabiliter
1631 5103 1791 5170 escurialem,

158 5187 341 5245 iudiearem
372 5192 515 5247 concordia
540 5193 679 5249 deciorum
701 5206 753 5263 est,
778 5196 811 5251 de
836 5196 901 5267 legis
923 5206 950 5253 et
1003 5197 1066 5250 ridie
1084 5196 1191 5266 impium
1208 5197 1457 5266 srtpcrexoltotsotet
1472 5196 1596 5249 elevatum
1614 5197 1792 5262 supercedros

157 5279 293 5351 Evangelii
308 5281 450 5351 disciplina
463 5284 513 5339 snb
525 5283 620 5340 eodem
636 5285 696 5340 lldei
710 5286 775 5355 juge
786 5289 949 5344 conrenieu·
1005 5285 1096 5339 libani
1111 5283 1197 5355 (Psel.
1224 5284 1318 5355 ιιιιι).
1333 5283 1366 5338 Et
1391 5284 1505 5349 transiri,
1525 5284 1617 5349 inquit,
1632 5289 1656 5334 et
1668 5296 1723 5334 ecce
1737 5297 1790 5335 uun

155 5369 234 5436 tion,
259 5370 286 5425 iu
307 5371 369 5428 luce
383 5380 523 5442 precepta
542 5375 661 5430 scientia
683 5376 851 5455 subditorum
866 5378 947 5433 corda
1004 5375 1317 5446 centumcentumn,
1340 5384 1364 5425 ct
1380 5389 1430 5426 ron
1454 5381 1489 5426 eu
1511 5372 1626 5425 inuentam
1643 5371 1714 5425 locas
1734 5372 1792 5436 eius

155 5461 340 5531 castigasset
361 5459 949 5539 adlerendnmbeolruetumSpiritusex·
1005 5467 1092 5539 (Paul.
1117 5466 1218 5534 sarrs).
1250 5466 1282 5518 Ει
1305 5465 1355 5519 boc
1381 5473 1423 5518 est
1444 5461 1628 5533 speculatores
1650 5462 1675 5515 in
1700 5459 1791 5518 Gattaa

154 5553 260 5618 oileus,
280 5552 382 5622 dequo
396 5552 523 5608 Salomon
538 5556 573 5608 ait
587 5573 594 5609 ι
611 5554 661 5610 tltt
675 5566 759 5612 erstem
773 5557 862 5612 multu
877 5573 950 5630 seqe·
1006 5556 1106 5626 positos
1129 5553 1324 5608 multitudinem
1348 5566 1460 5609 cernere
1484 5559 1651 5622 prostratam,
1667 5566 1747 5621 quam
1763 5551 1789 5605 in

156 5654 204 5710 us,
219 5642 256 5697 iii
269 5644 406 5714 merrilcrto
428 5646 550 5715 fortitudo
572 5649 639 5702 loris
655 5647 744 5721 (Pron.
769 5650 834 5721 ιιι).
861 5648 947 5706 Priene
1007 5643 1174 5705 interioribus
1202 5644 1245 5699 siti
1272 5642 1382 5714 quilibet
1438 5640 1606 5713 necdumque
1644 5640 1791 5713 perlectum

364 5737 499 5796 t‘srsos.
520 5736 600 5800 xci.
1517 5732 1555 5794 ts
