3794 6120
58 269 110 325 sss
385 263 416 318 tn
439 257 716 318 Pnntntuututuu
737 256 985 314 tottttcrttnntt.
1006 246 1041 300 ‘-
1061 262 1367 321 ttuotenurtotttutt.
1634 267 1687 326 ato

54 379 81 433 ia
93 385 138 432 est
151 371 347 443 plenitudinem
368 371 447 437 itanc,
465 381 492 426 et
516 370 683 424 infirmitates
706 371 845 436 pessimas,
862 370 886 429 Α
901 369 1041 438 maledicti,
1057 373 1083 424 ia
1096 373 1320 443 lattettttcterrtum.
1342 375 1425 431 Aliter
1441 375 1523 432 uenat
1540 392 1587 448 pro
1601 382 1684 436 ruale-

55 467 82 523 it
97 474 142 522 eet
153 467 251 519 decern
266 463 356 531 piam
370 459 489 532 AEgypti.
515 460 575 515 nan
591 473 673 530 parret
693 460 744 514 iltis
760 459 847 513 oculos
900 459 1028 527 dictione,
1050 477 1097 531 pro
1113 474 1188 532 purte
1207 467 1295 520 earnis
1312 467 1436 534 proruitur,
1462 468 1530 522 sieut
1544 479 1572 524 ct
1586 469 1683 526 l'aulus

52 568 125 621 tres.
142 566 171 614 et
185 556 301 626 reliqua.
318 554 347 608 ln
365 553 416 609 boe
429 555 535 609 illorum
551 553 688 622 cupiditati
704 562 846 622 pensaret.
898 553 1036 622 apostotus
1049 554 1099 608 ait:
1116 554 1176 608 Scio
1190 555 1258 623 qued
1271 570 1321 609 non
1334 566 1371 610 est
1385 558 1477 610 bonurn
1491 559 1602 612 inroras
1612 574 1678 615 mea.

53 647 143 704 ttottu
165 654 304 710 metatore,
319 645 380 714 onia
397 645 476 700 timer
490 646 703 713 imperfectorum
718 652 770 698 est.
786 643 847 696 Non
899 641 1020 697 Gazarim
1034 659 1094 699 eum
1115 647 1317 715 benedictione,
1343 662 1391 718 pro
1405 651 1492 704 auium
1508 650 1594 705 inille
1609 652 1680 712 leco.

52 748 142 810 μαι
153 738 245 792 «aba
256 745 337 789 tene:
352 735 378 790 id
393 748 445 801 est,
471 735 521 790 diis
537 735 651 800 illorum,
668 734 694 787 id
710 744 762 802 est,
774 733 848 802 copi·
899 732 990 795 idest,
1005 733 1030 787 ln
1042 734 1107 791 Silo.

53 833 124 887 ditas
137 842 183 886 tea
201 831 275 885 ritiis
288 829 406 885 illerum.
420 828 570 893 crabrones,
587 827 666 882 idest
681 827 743 880 mali
759 841 848 881 ratores
934 824 961 877 ln
977 825 1026 879 irae
1036 827 1165 881 setttentia
1178 837 1320 895 praestet,
1336 831 1406 899 quad
1421 843 1443 884 st
1458 832 1637 904 unusquisque
1651 834 1679 889 ln

54 921 172 977 illorum
202 920 275 975 Dera
298 935 407 990 mopsus
428 921 463 973 ed
481 920 623 984 libertatum,
639 929 663 973 et
686 919 805 973 terrbitia
820 921 846 973 lu
899 915 979 971 ditato
993 932 1041 973 sua
1055 920 1223 988 immolaret,
1238 921 1308 975 idola
1323 923 1464 991 iecissent,
1492 925 1560 981 lilios
1573 936 1600 981 et
1612 926 1681 983 litias

53 1015 177 1069 ιίιιιιιι.
191 1011 269 1080 droa
289 1027 354 1067 reru
366 1011 446 1077 dicit,
463 1010 502 1064 lle
515 1010 629 1080 pentibus
649 1027 700 1063 nen
720 1010 845 1079 delendis,
898 1008 1087 1064 comburentes
1103 1012 1167 1080 igini.
1194 1011 1252 1066 lion
1264 1014 1332 1082 qued
1346 1014 1396 1069 boc
1409 1014 1525 1086 AEpyptli
1538 1017 1678 1087 lusissent,

53 1107 151 1178 niter
164 1121 199 1159 rte
218 1108 286 1175 {erte
302 1103 381 1157 bestie
404 1101 634 1172 multiplicarentur
651 1111 741 1153 contro
762 1101 846 1154 illas:
898 1097 944 1152 sed
960 1097 1104 1155 Cltansntei
1119 1102 1244 1156 obrutum
1262 1105 1418 1174 negabitur,
1432 1107 1458 1161 ld
1472 1119 1512 1162 est
1526 1123 1622 1166 sensns
1636 1120 1681 1166 te·

52 1197 205 1255 enudant
218 1195 297 1250 nobis
306 1208 367 1251 esse
380 1191 509 1259 ostendit,
526 1207 560 1249 ne
574 1191 642 1246 iorte
652 1190 771 1260 expulsis
785 1206 847 1260 pec·
898 1191 1040 1246 stimoniis.
1059 1191 1162 1263 Barcaei
1175 1204 1233 1249 surtt
1245 1197 1292 1262 atii
1305 1195 1398 1264 Ettat,
1422 1198 1448 1254 id
1462 1209 1504 1256 est
1523 1201 1568 1258 lilii
1583 1204 1678 1273 iniqui,

55 1291 122 1347 eatis
133 1304 150 1345 a
162 1304 249 1346 earne
261 1301 366 1352 nostn,
387 1295 413 1341 et
427 1294 539 1356 repente
552 1285 696 1353 superatis,
719 1284 848 1339 accedant
897 1282 939 1337 rel
954 1283 999 1339 lltii
1014 1294 1192 1354 peecatorum.

55 1390 146 1435 «tetre
162 1393 216 1433 tros
231 1376 324 1433 bestie
338 1375 506 1446 spirituales,
522 1374 574 1430 ltoc
587 1383 628 1428 εει
640 1373 764 1443 jznetantia
777 1412 787 1440 ,
802 1375 845 1430 rel
1193 1396 1306 1454 CAPUT
1324 1398 1394 1457 xpp·

56 1471 195 1537 nperbia,
209 1469 252 1525 tel
266 1479 342 1525 certe
357 1481 423 1522 rana
435 1467 530 1538 gloria,
545 1482 604 1536 qttae
618 1469 783 1522 surrexerint
795 1483 848 1521 ma·

56 1565 105 1633 ieri
118 1563 214 1620 labore
226 1561 445 1631 exstirpabuntur
458 1576 538 1630 uuam
553 1559 670 1614 carnalia
686 1560 759 1614 ritia.
780 1559 846 1614 Lotlt

57 1655 125 1710 esim
135 1663 165 1710 et
180 1654 208 1708 in
222 1666 314 1709 mone
332 1653 434 1722 pesitus
454 1651 597 1706 concubitu
611 1650 713 1706 nelarie
727 1651 846 1720 pollutus

58 1752 107 1807 tat,
125 1743 173 1812 eui
187 1742 216 1797 lu
241 1741 368 1798 Sodomis
383 1740 505 1795 babitans
527 1755 557 1796 se
580 1739 722 1806 caratinuit,
740 1749 769 1795 ut
793 1727 885 1795 troni!

59 1842 192 1904 peruret.
215 1833 256 1889 Αε
278 1847 325 1903 per
348 1832 399 1885 ltoe
419 1830 700 1900 quodeunqueritium
715 1829 851 1898 expuleri-

64 1938 127 1990 ιιι,
142 1927 240 1980 atatim
249 1923 310 1978 loco
324 1923 396 1978 illius
410 1923 544 1994 plantetur
558 1922 645 1977 virtus
660 1941 666 1976 :
683 1937 716 1977 ne
731 1921 801 1978 lerte
812 1938 852 1980 re·

62 2016 147 2085 peltes
172 2015 298 2085 spiritus,
326 2017 421 2069 iterum
445 2022 582 2069 revertens
599 2014 718 2068 inveniat
741 2014 850 2068 donnum

58 2116 174 2161 nutent
189 2113 341 2159 ηειειειε.
359 2101 448 2172 dispe,
473 2103 498 2157 id
519 2114 559 2158 est
579 2119 663 2173 gentas
686 2104 849 2172 viperarum,

57 2197 125 2269 qaeu
150 2195 344 2252 beredeorum
368 2203 441 2251 tenet
463 2197 597 2262 llpuram,
623 2197 668 2266 qui
693 2197 849 2254 Trinitatem

57 2287 261 2356 ιιεενιειεεει,
291 2284 363 2356 quod
390 2285 439 2340 sub
461 2285 613 2354 juramento
638 2287 772 2356 pollicitus
796 2300 849 2345 εει.

56 2378 129 2435 ieret
155 2379 287 2434 daminus
310 2378 505 2449 perseipsum,
523 2381 650 2448 quianon
666 2378 746 2434 trabet
767 2380 849 2436 alium

55 2470 192 2537 altiorem,
206 2484 257 2539 per
270 2483 351 2539 qoem
363 2468 444 2538 jnret.
466 2468 507 2523 Etr
528 2469 632 2523 bomini
646 2470 693 2524 liei
706 2471 744 2523 tns'
759 2472 849 2525 telum

55 2571 103 2626 ert.
129 2574 163 2615 ee
191 2574 216 2614 n

934 1506 995 1563 Non
1007 1509 1085 1578 [acies
1100 1511 1228 1565 raltu'tittm
1243 1529 1320 1580 super
1330 1526 1468 1570 mortuom.
1485 1515 1541 1575 linc
1554 1518 1678 1576 historia·

898 1599 959 1654 liter
983 1601 1155 1658 manifestum
1176 1614 1226 1658 εει.
1258 1604 1438 1671 spiritualiter
1459 1619 1545 1678 potest
1568 1611 1681 1685 intelligl

899 1689 968 1758 quod
983 1691 1067 1757 dicit,
1083 1706 1117 1745 ne
1132 1691 1231 1748 radatis
1246 1699 1371 1750 mortales
1385 1701 1518 1754 notontate
1532 1717 1612 1758 causa
1624 1705 1683 1760 dia·

902 1779 955 1834 boli
975 1780 1016 1835 rel
1032 1779 1168 1847 haeretiei,
1193 1783 1264 1851 quand
1286 1783 1311 1839 in
1325 1784 1391 1841 doas
1407 1799 1494 1856 partes
1510 1791 1620 1859 ungulas
1634 1792 1684 1847 lin·

900 1871 978 1936 dunt,
993 1870 1083 1938 idest,
1099 1873 1144 1941 qui
1159 1873 1245 1929 eredit
1260 1873 1325 1930 duas
1345 1877 1435 1946 leges,
1449 1880 1495 1933 sed
1509 1879 1627 1936 dit-inam
1641 1884 1685 1939 di·

901 1964 1043 2018 lectionem
1057 1980 1110 2020 non
1124 1966 1246 2036 impleut,
1262 1978 1308 2023 ant
1321 1973 1450 2026 actualem
1476 1981 1522 2027 aut
1537 1974 1684 2031 theoricam

901 2053 997 2120 uitam,
1016 2056 1059 2114 rel
1074 2055 1284 2112 incarnationem
1306 2069 1334 2113 et
1355 2060 1541 2129 divinitatem,
1562 2074 1589 2119 et
1603 2065 1685 2120 ronti·

900 2154 946 2199 nat
960 2146 986 2199 in
1001 2160 1093 2213 opere.
1108 2144 1261 2215 comedetis,
1274 2148 1298 2203 id
1314 2159 1354 2203 εει
1367 2150 1511 2215 eredendo,
1527 2151 1559 2207 de
1572 2152 1612 2208 bis
1624 2170 1683 2224 otte

899 2239 1037 2303 ruminant,
1058 2247 1081 2292 ει
1096 2239 1217 2310 trapetum
1228 2241 1338 2308 fittdnnt,
1354 2241 1379 2296 id
1391 2251 1432 2297 est
1444 2242 1478 2298 de
1498 2224 1540 2300 bie
1553 2246 1598 2315 qui
1613 2247 1684 2312 nunti

898 2325 1011 2380 credunt
1027 2329 1118 2395 corde,
1132 2345 1212 2398 opere
1226 2328 1423 2386 uendiderunt.
1438 2329 1575 2400 Pinnulat,
1590 2334 1616 2389 id
1631 2347 1685 2401 est,

899 2415 1022 2469 mandata
1048 2419 1131 2486 legis;
1155 2429 1180 2473 et
1206 2436 1368 2488 equanimes,
1395 2422 1421 2476 id
1446 2431 1489 2479 est
1510 2424 1686 2494 cogitationes

898 2507 995 2562 multas
1008 2524 1015 2574 ;
1031 2524 1116 2564 orrares
1128 2511 1249 2577 mundas,
1264 2510 1289 2565 id
1301 2521 1344 2567 est
1355 2524 1472 2582 sanctos,
1487 2517 1532 2587 qui
1546 2518 1607 2574 ideo
1619 2534 1687 2576 ates

243 2559 357 2624 dimit
384 2558 465 2612 hm*
487 2558 614 2663 ⁰⁰⁰¹5nf¹⁸
641 2568 809 2663 ⁹⁰²⁰⁸¹²¹⁰f'’
822 2561 849 2663 ,εἰ
898 2596 1042 2664 dicuntur,
1059 2600 1119 2667 quia
1139 2601 1343 2671 cogitationibus
1354 2612 1381 2658 et
1393 2606 1518 2674 operibus
1534 2610 1685 2667 mundisad

56 2654 130 2722 Μ
140 2652 242 2706 fflllffl
257 2690 266 2713 ο
280 2662 314 2704 ²⁰
328 2663 382 2705 '⁸⁰¹¹
396 2664 477 2717 ‘uie'
490 2663 549 2703 ¹¹⁰⁵·
567 2649 599 2702 Μ
620 2651 710 2704 ‘mm
724 2653 800 2716 ‘⁰²⁸¹’
821 2652 848 2706 ’ἀ
897 2701 1012 2757 superor
1028 2689 1126 2744 rolant.
1154 2691 1225 2745 ntes
1240 2691 1401 2759 immundae,
1428 2695 1568 2752 haereticos
1586 2698 1686 2768 signid-

54 2753 97 2799 ἰ
118 2743 209 2797 ‘²¹¹²'
232 2758 240 2794 ²
264 2742 343 2797 ’,Μ
364 2756 411 2809 W
432 2741 528 2796 mlum
544 2741 631 2810 'mn
652 2742 846 2813 ἰηιθωμωιπ·
897 2789 970 2835 cant.
995 2779 1078 2835 lusto
1091 2798 1170 2851 penus
1188 2799 1279 2850 strunt,
1301 2784 1383 2840 idest
1405 2786 1429 2840 si
1443 2787 1571 2844 acciderit
1584 2790 1686 2860 aliquid

53 2832 163 2887 ⁰⁰¹⁸¹¹¹
179 2845 246 2886 '⁸⁸⁰
260 2831 332 2897 ⁰0¹³·
352 2830 449 2884 'lm
462 2838 634 2896 ⁸³⁰⁰²⁰¹⁰¹¹¹2
655 2845 684 2885 ¹¹²
697 2840 749 2886 sn.
764 2831 847 2936 ΜΡ
898 2871 968 2942 nna
982 2871 1020 2926 tut
1036 2872 1173 2928 sustinent
1194 2873 1219 2926 n
1234 2873 1336 2941 torna,
1352 2891 1405 2930 iton
1419 2877 1637 2947 prosternant
1652 2882 1686 2941 oe

54 2941 129 2983 ‘⁰¹¹¹
153 2923 374 2980 '‘mmm'‘
396 2924 562 2989 ¹⁰⁰¹²¹¹¹¹¹⁰⁹
580 2932 614 2977 ’ω
635 2933 663 2978 ⁰²
685 2934 847 2979 munem
897 2977 995 3032 genere
1009 2961 1127 3020 illorum.
1151 2963 1251 3020 Omnes
1265 2976 1352 3021 autem
1377 2981 1440 3023 ares
1461 2967 1686 3041 immundanum

986 3052 1686 3131 us,diversagenorahereticorumsipnilieant.0uod

899 3144 980 3200 restis
996 3144 1075 3200 lsrael
1090 3146 1115 3198 io
1130 3160 1222 3200 eremo
1235 3147 1306 3201 nulla
1319 3157 1453 3204 vetustate
1465 3150 1581 3219 deiecit,
1596 3162 1686 3223 potest

900 3240 1014 3308 ligurare
1030 3236 1145 3299 luteram
1171 3238 1450 3308 incorruptibilitatem
1469 3256 1626 3311 corporum,
1640 3245 1686 3301 ubl

899 3328 943 3383 illa
958 3344 1016 3399 qun
1032 3328 1212 3398 corruptibilia
1227 3340 1290 3385 sunt
1311 3329 1370 3384 sine
1393 3332 1566 3400 corruptione
1578 3347 1685 3402 perma-

901 3418 1010 3474 nebunt.
1031 3420 1107 3488 Quod
1129 3434 1194 3475 tero
1217 3418 1332 3475 dieitur:
1356 3419 1417 3475 Noa
1432 3436 1522 3491 ceques
1537 3421 1637 3478 budam
1659 3425 1687 3479 iu

900 3511 965 3564 lacte
977 3513 1139 3577 matrissuae,
1153 3509 1270 3565 ostendit
1282 3510 1353 3581 qood
1362 3527 1441 3584 quem
1453 3511 1544 3568 haedus
1554 3514 1688 3586 significat

900 3617 953 3658 uon
967 3613 1008 3658 est
1022 3603 1176 3673 coquendas
1199 3604 1226 3657 in
1246 3605 1314 3660 lacte
1328 3605 1507 3670 matrissuae,
1524 3605 1550 3660 id
1565 3614 1617 3675 est,
1631 3622 1685 3664 nen

901 3692 1053 3764 purgandus
1081 3691 1264 3749 mediocribus
1289 3694 1417 3750 Ecclesiae
1446 3695 1614 3768 disciplinis,
1638 3700 1686 3756 sed

900 3783 1093 3838 austerioribus
1107 3783 1247 3853 praeceptis
1262 3783 1332 3839 illius
1345 3795 1451 3854 peecata
1465 3788 1599 3859 purganda
1610 3798 1684 3858 suut,

901 3889 930 3935 ut
940 3881 984 3950 qui
992 3893 1039 3950 per
1049 3878 1163 3934 laseiriae
1176 3878 1355 3935 blandimenta
1367 3894 1396 3935 εε
1406 3879 1521 3950 perdidit
1532 3880 1632 3939 lortiori
1644 3883 1685 3940 di·

65 4012 171 4082 mm
187 4014 222 4068 ²4
245 4012 334 4068 'ocum
350 4011 394 4067 ubi
410 4012 524 4068 dicitur:
546 4011 630 4068 Tam
645 4014 734 4068 mm
757 4015 850 4069 emtum
901 3972 1013 4039 seipliua
1025 3985 1054 4026 se
1069 3970 1195 4035 redimat,
1209 3981 1240 4025 ut
1254 3971 1343 4026 caeteri
1356 3971 1476 4028 ridentes
1498 3973 1618 4029 timeant.
1632 3974 1686 4031 Per

455 4104 461 4117 .
543 4106 548 4117 .
612 4107 617 4117 .
900 4063 1024 4117 decimum
1038 4071 1134 4132 purtem
1149 4077 1224 4132 quotu
1239 4061 1392 4118 llominttse
1408 4064 1504 4135 populo
1523 4065 1634 4134 postulat
1645 4065 1685 4121 si-

66 4118 89 4159 ει
101 4115 202 4172 terram
217 4105 262 4161 sed
275 4108 328 4160 aaa
340 4114 439 4159 montes
452 4121 479 4158 m
492 4114 661 4159 testimoninm
672 4110 847 4178 proterantur,

68 4196 271 4251 senatorer:
287 4192 424 4250 llabebitis
439 4194 637 4250 benedictiones
650 4213 731 4266 super
751 4212 800 4253 ros
826 4198 848 4253 si
900 4151 1059 4222 ‘mmmmm
1072 4152 1163 4205 dmm
1174 4163 1277 4252 ⁸⁰.¹¹⁵⁰⁸’
1292 4164 1358 4219 ‘¹⁰⁰⁸
1370 4153 1548 4256 unufquiwe
1563 4165 1684 4209 mmmm

901 4240 1012 4297 reddere
1037 4241 1116 4296 debet
1130 4240 1252 4294 Domino.
1273 4241 1347 4294 Anno
1365 4250 1440 4296 tertto
1459 4242 1538 4297 alama
1563 4246 1687 4301 dederent

72 4289 148 4357 ιω
163 4290 268 4344 ”mm
282 4290 474 4356 cuswd'enus'
492 4301 520 4344 ει
534 4289 732 4345 maledicum
760 4305 783 4344 ⁸¹
795 4305 847 4346 ¹¹⁰⁰
901 4332 1040 4403 separabis.
1057 4329 1203 4385 Postulatio
1217 4339 1306 4385 nutem
1319 4345 1390 4385 atino
1403 4331 1493 4398 tertio,
1502 4333 1621 4390 ostendit
1635 4335 1686 4391 Do·

73 4378 255 4434 remodieritia.
282 4378 370 4445 Aliter
393 4379 545 4434 benedictio
571 4395 653 4448 super
683 4390 789 4435 utentes
814 4380 847 4435 ad
931 4425 937 4435 .
1093 4422 1099 4434 .
1301 4423 1337 4436 ..
1525 4425 1532 4437 Ι
1574 4427 1581 4438 ·

75 4468 143 4524 nm!
159 4471 291 4540 42¹0„ss,
316 4469 470 4524 malcaim„
491 4485 554 4525 wo
577 4474 609 4525 ad
624 4470 800 4526 chamum·
816 4471 848 4526 m
865 4438 1004 4508 Drnrnnm
1019 4423 1210 4492 praevidentem
1224 4422 1290 4478 bella
1301 4424 1363 4478 tllts.
1378 4423 1475 4479 Futura
1489 4440 1560 4480 enim
1573 4443 1599 4481 m
1614 4436 1686 4481 terra

74 4572 167 4631 qunque
181 4570 288 4615 mmm
308 4560 335 4615 in
352 4569 422 4615 mm
444 4563 660 4631 repromissionis
679 4579 738 4618 esse
756 4565 850 4620 meun-
902 4516 1202 4619 reprorrrissionisauue
1227 4518 1305 4571 tertio
1327 4516 1414 4573 dixit:
1442 4517 1574 4590 deaurare
1597 4534 1687 4574 eoram

75 4661 119 4715 tar,
136 4652 223 4708 etalii
239 4653 393 4707 nominibus
407 4655 558 4720 nominari,
575 4657 600 4709 id
616 4665 673 4721 est,
690 4655 806 4712 Libertus
823 4659 848 4712 in
900 4622 979 4752 §.new
993 4607 1147 4661 ‘'mm''
1172 4606 1219 4709 ω
1235 4621 1282 4676 pm
1310 4608 1394 4662 mnus
1415 4623 1511 4679 Μὴ
1531 4610 1644 4716 ‘impis’
1659 4619 1690 4713 [ft

922 4707 1036 4764 tserunt,
1049 4697 1156 4753 luerunt
1168 4698 1251 4752 tribus
1264 4697 1356 4754 lluben
1369 4710 1394 4754 et
1405 4699 1473 4767 (iad,
1484 4711 1510 4756 et
1521 4700 1629 4756 dnutdta
1641 4708 1690 4756 trt-

901 4789 950 4844 bus
965 4789 1086 4843 llanasse
1111 4791 1136 4842 in
1150 4798 1219 4842 torta
1234 4790 1449 4858 repromissionis
1471 4792 1497 4845 iu
1517 4793 1612 4862 pugnis
1630 4807 1688 4844 ma·

900 4881 969 4953 gnis.
986 4880 1124 4951 Separabit
1138 4879 1200 4934 milti
1218 4882 1296 4935 aliam
1311 4880 1445 4948 decianam,
1468 4883 1494 4937 id
1509 4894 1550 4939 est
1563 4883 1687 4939 sacerdo·

901 4975 981 5039 tibus,
997 4973 1065 5027 acsi
1080 4987 1127 5042 per
1138 4973 1188 5027 ltoe
1201 4970 1383 5028 sacerdotibus
1398 4971 1508 5028 diceret.

54 3024 238 3078 namuurum,
264 3013 305 3068 rel
328 3013 442 3068 bistoria
457 3023 482 3067 et
495 3026 608 3077 sensus,
624 3024 650 3066 et
662 3019 749 3074 terra,
764 3011 789 3065 id
805 3021 847 3067 est

53 3106 159 3161 lreetua
170 3115 251 3159 terra
262 3142 271 3169 ,
282 3103 324 3158 rel
336 3118 435 3173 eorpus
448 3104 589 3168 etardum,
605 3111 632 3157 et
642 3103 729 3156 omitia
743 3116 803 3172 unae
818 3102 845 3157 in
858 3075 882 3138 c
898 3053 981 3107 dmm

57 3198 98 3252 eis
111 3205 192 3261 eunt,
210 3195 238 3248 id
251 3204 292 3249 εει
305 3194 387 3250 ιιιιε
399 3209 460 3251 eunt
474 3208 524 3248 suo
533 3209 641 3264 genere.

90 3285 170 3341 lieres
184 3299 294 3356 menas
309 3324 317 3351 ‚
332 3283 412 3340 idest
431 3286 457 3339 in
471 3283 599 3356 AEssypte.

90 3377 126 3432 Fa
137 3385 242 3448 petens,
257 3375 284 3430 it
296 3383 337 3431 ειι
347 3375 374 3429 in
386 3376 464 3430 utari.

92 3466 241 3535 Terribilia,
255 3479 346 3523 contra
361 3467 500 3523 Amaleclr.

94 3556 148 3625 Qui
167 3573 289 3628 persuum
309 3573 361 3611 nort
374 3557 485 3627 occipit,
500 3557 658 3627 vituperavit
673 3556 848 3627 heptadem,

58 3651 103 3722 qui
119 3663 249 3721 personas
261 3647 404 3719 acciperet.

96 3738 158 3809 lpse
170 3747 208 3793 est
218 3737 339 3805 inustae,
355 3737 381 3792 id
396 3745 449 3804 est,
461 3745 490 3791 ut
505 3735 590 3806 ipsum
605 3737 707 3792 laudes.

97 3828 311 3896 Uarellnirem,
327 3831 533 3900 propterlimmn
549 3831 726 3886 rubicundum
740 3831 847 3888 dieitur.

98 3918 184 3975 Partes
196 3918 381 3974 iaedietiettes
403 3934 478 3987 seper
491 3932 613 3974 mentem.
639 3920 702 3976 llaeo
715 3923 848 3977 sententia

76 4756 137 4808 parts
148 4743 310 4815 Aquilonis,
334 4755 362 4800 et
376 4734 493 4800 litnnns
517 4749 604 4802 minor
624 4749 650 4801 iu
665 4748 758 4802 dextra
774 4757 849 4819 parte

74 4830 179 4899 aaran
192 4840 285 4888 utre.
306 4830 359 4889 Sed
374 4832 409 4887 ab
421 4834 481 4888 aliis
496 4831 603 4901 dicitnr,
619 4837 690 4906 utrod
706 4838 731 4890 ni
743 4847 849 4893 ruentes

74 4936 118 4977 eae
129 4932 183 4979 tan
206 4923 388 4980 historialiter
405 4924 520 4982 luissent
542 4943 621 4997 quam
637 4929 670 4984 ad
686 4931 850 4985 testitieatio·

73 5026 126 5071 atre
136 5014 333 5074 mistionis
344 5026 372 5072 et
382 5019 577 5076 maledictionis
586 5022 723 5077 dicuntur.
738 5023 850 5095 llystiee

70 5110 152 5165 “tent
168 5108 197 5164 bi
209 5108 267 5165 duo
292 5117 398 5166 montes
421 5124 469 5181 pro
484 5110 589 5167 duabus
611 5111 715 5179 legibus
739 5123 852 5182 possunt
1200 5107 1313 5166 CAPUT
1332 5109 1390 5165 llll.

69 5198 157 5271 esrtpi.
179 5198 264 5258 (teau
286 5200 506 5270 pruteleri,qui
527 5201 671 5257 tirtdietanr
703 5205 849 5259 commisit.
937 5200 1001 5254 Com
1016 5200 1060 5254 tili
1073 5200 1187 5254 venditata
1202 5200 1279 5270 {amit
1298 5199 1376 5270 irater
1395 5209 1454 5255 teus
1476 5201 1611 5255 lltbroetts.
1638 5201 1689 5259 Pet·

68 5288 184 5351 Gnatiae
201 5306 255 5363 pro
272 5305 361 5358 noro,
381 5291 426 5361 qui
440 5291 634 5363 indulgentiam
659 5293 760 5351 decuit.
787 5295 853 5352 Pos-
903 5291 1013 5348 tratrem
1033 5308 1128 5349 sensus
1140 5293 1304 5361 intelligitur,
1320 5292 1591 5352 llebreustransieus
1605 5295 1688 5352 iuter·

67 5388 123 5441 ΙΙ
142 5380 227 5441 etan
252 5380 281 5439 bi
303 5388 411 5439 tuentes
432 5384 613 5439 summitatem
628 5385 806 5454 perlectorum
825 5396 852 5443 et
905 5394 1032 5454 pretatur.
1051 5383 1161 5440 llebrea
1175 5425 1184 5452 ,
1200 5384 1225 5439 id
1239 5385 1384 5440 estanima
1399 5383 1606 5454 uniuscuiusque
1628 5400 1684 5457 per·

66 5474 212 5547 ulau
226 5474 376 5549 liupieruts
388 5474 590 5544 demonstrare,
616 5477 656 5534 rol
671 5477 742 5548 qued
757 5478 784 5534 in
800 5479 853 5536 line
904 5477 966 5533 lecti
982 5477 1016 5531 de
1031 5476 1197 5545 gentilitate,
1217 5476 1251 5530 ad
1266 5477 1427 5546 baptismum
1442 5477 1586 5534 transiens.

65 5566 153 5629 Εἰ
166 5570 253 5629 sila:
275 5570 387 5640 lenita,
403 5572 528 5631 benedicti
542 5572 630 5629 Patris
654 5576 713 5640 mei,
725 5573 853 5647 possidete
922 5569 992 5625 ἰΡει
1005 5555 1106 5635 septem
1117 5580 1210 5631 attttos,
1227 5567 1324 5636 quibus
1334 5569 1435 5626 serviro
1445 5568 1610 5640 praecipitur,
1625 5570 1691 5630 ecti-

63 5669 249 5745 ttp'mprrod
270 5676 392 5743 ριιειιει
405 5679 443 5726 est
463 5667 551 5738 reiis,
567 5667 718 5739 etreliqua.
736 5667 784 5723 lit:
801 5664 852 5736 lte,
907 5658 1325 5732 enritaeperloctiodesiguatur.
