3794 6120
123 323 172 377 tet
283 318 314 374 lu
334 317 472 377 ssoltntt
493 317 536 373 ET
556 316 731 373 ,iuuentuti
750 312 952 372 ettouttstns
974 312 1190 372 suessonica
1211 314 1402 372 EXPOSiTiO.
1423 344 1460 357 -
1477 315 1542 372 titt.
1561 315 1583 371 l.
1696 316 1746 370 tsi

124 436 190 491 anim
206 435 334 502 adjurent
346 430 477 484 laborent.
491 430 608 495 Quomm
624 427 744 481 omnium
760 425 907 480 ministerio
922 426 946 482 Α
960 421 1030 491 pium
1049 422 1165 490 Domini,
1178 432 1230 481 ete.
1256 426 1358 497 lingon
1370 426 1496 482 indieium
1519 426 1668 482 deratioms
1692 434 1745 489 cst.

123 523 251 589 emigrant
272 530 300 574 ct
319 519 453 573 titularet
468 526 554 571 textus
573 515 667 584 psalmi
686 530 754 570 car.
776 515 822 568 lin
840 514 911 566 euim
962 527 1022 567 curn
1036 515 1096 582 ouis
1124 530 1176 570 non
1202 515 1305 571 debitus
1335 524 1437 571 tautum
1457 517 1618 582 oblationes,
1642 517 1668 569 id
1693 526 1745 579 εει,

125 614 241 674 ιίιιιΙιιε,
257 609 366 676 Qtrontio
384 608 473 660 demut
489 606 593 660 Dnrnini
608 606 786 672 ndifienltotnr
802 615 857 669 port
872 619 913 656 to·
964 602 1068 658 Domini
1096 607 1154 673 iege
1175 619 1333 676 praeceptas,
1355 607 1401 662 sed
1425 608 1535 676 insuper
1548 602 1610 674 alla,
1634 621 1747 675 quntum

125 702 286 773 puritatem,
312 699 438 752 corticum
463 696 522 749 nuic
548 694 642 749 dauid.
669 696 744 762 Quod
767 695 911 749 sceannlum
964 708 1015 746 uota
1029 704 1199 760 praeceptum,
1214 695 1260 749 sed
1281 695 1421 750 consilium
1445 696 1559 765 acecpit,
1575 693 1685 750 dotraria
1701 709 1747 748 sua

126 793 263 853 litteram,
285 787 508 842 restaurationem
531 786 638 852 templi,
657 785 692 839 de
716 798 769 852 qna
797 797 913 851 praeseus
962 790 1057 841 stoule
1076 782 1172 836 divinae
1197 784 1344 851 majestatis
1363 785 1502 841 obtutibus
1527 783 1616 839 oiiert.
1643 783 1745 838 Peneo·

127 881 195 935 lilter
211 877 323 940 scribit,
338 889 437 930 seruare
453 874 568 927 ridetur.
588 872 640 928 Setl
654 872 818 942 anagogico,
833 870 857 923 id
872 877 913 923 εει
964 877 1037 938 ptum
1053 885 1164 940 reatuque
1175 885 1214 926 est
1230 890 1237 926 ε
1255 872 1313 925 Non
1328 872 1494 928 homicidium
1508 873 1596 941 facies,
1607 889 1658 926 non
1671 873 1747 926 arisi-

126 964 529 1031 eltiorisensu‚aeclilleutiouem
542 963 764 1018 insinuatsanctae
776 960 912 1025 Ecclesiae,
964 960 1068 1025 matie,
1088 977 1138 1016 nen
1164 965 1241 1033 seder
1265 965 1372 1031 surtran,
1391 981 1441 1018 tucn
1461 965 1556 1034 iolcum
1578 966 1747 1021 testimenium

126 1062 190 1128 oute
208 1060 238 1112 tn
252 1057 285 1113 de
301 1057 441 1111 animabus
454 1069 470 1108 a
482 1054 636 1124 captivitato
649 1054 815 1108 daemoniaca
831 1050 914 1106 salra·
964 1051 1049 1116 dicea,·
1060 1053 1158 1107 iontem
1172 1062 1269 1124 patrem
1289 1064 1313 1109 et
1327 1066 1442 1122 matrem,
1463 1067 1485 1111 ct
1498 1057 1589 1127 tiliipcs
1604 1059 1747 1128 proximum

128 1151 179 1213 tis,
194 1158 274 1216 atque
287 1145 321 1201 ad
336 1144 498 1216 sarritionem
513 1143 555 1198 sui
569 1142 703 1198 creatoris
718 1142 868 1207 reuocatis3
887 1142 913 1194 in
965 1152 1038 1197 tunm
1064 1145 1128 1198 sicut
1154 1147 1260 1213 teipsum
1284 1144 1396 1215 (iloni.
1423 1147 1490 1219 stt).
1507 1146 1660 1203 Voluntaria
1686 1163 1748 1202 verra

127 1255 181 1311 qua
195 1240 324 1294 uidelicet
340 1238 517 1292 noilleatione
530 1238 662 1291 cauticum
676 1236 762 1290 landis
776 1245 802 1289 et
814 1234 916 1290 corrict-
964 1232 1083 1288 coiano:
1099 1235 1129 1288 Si
1143 1237 1180 1288 nis
1194 1239 1318 1305 perfectus
1332 1253 1396 1302 ecce,
1408 1237 1480 1303 cade,
1493 1238 1572 1293 vende
1594 1239 1745 1308 puer-ircim,

127 1330 225 1395 sioriit,
240 1345 318 1384 mauu
331 1327 396 1383 iurti
410 1341 441 1382 ac
462 1325 651 1391 desiderabili,
665 1323 788 1380 uidelicet
802 1323 915 1378 Domino
965 1333 988 1376 ct
999 1327 1031 1375 dn
1044 1323 1207 1392 pauperibus.
1226 1326 1256 1378 lit
1268 1325 1338 1394 quand
1353 1326 1548 1392 apostolocin
1562 1345 1569 1380 ε
1584 1327 1622 1382 ilc
1643 1329 1748 1396 cispini-

127 1423 192 1478 iesu
211 1420 333 1485 Claristo,
349 1421 450 1473 electus
469 1419 584 1487 quisque
602 1416 684 1471 delict
707 1429 848 1480 resonare;
870 1428 914 1466 re·
965 1415 1104 1469 insontem
1115 1427 1267 1483 preceptum
1284 1416 1387 1471 Domini
1397 1418 1690 1482 aunioieo,conaiiium
1703 1435 1748 1472 uu·

129 1511 227 1567 molter
242 1508 406 1581 intelligens,
422 1507 492 1576 quod
519 1508 620 1574 alasque
640 1506 725 1574 gratia
746 1503 832 1572 ipsius
850 1503 914 1557 niitil
966 1508 1055 1561 leurdo
1070 1508 1079 1576 l
1094 1505 1107 1560 i
1123 1506 1183 1561 Cor.
1207 1508 1265 1578 ru).
1283 1509 1315 1563 lit
1328 1510 1460 1578 deseipso
1473 1526 1480 1562 a
1495 1510 1527 1564 lit
1542 1510 1667 1566 Dominus
1680 1514 1749 1566 ordi·
1794 1570 1797 1577 ,

130 1603 216 1674 possit
229 1602 291 1657 boui
315 1601 412 1655 iacere.
437 1599 486 1654 Cui
507 1598 629 1653 uidelicet
650 1598 726 1652 titulo
748 1596 870 1666 congruit
889 1604 916 1649 et
967 1596 1061 1651 dinavit
1079 1598 1118 1653 iris
1132 1600 1174 1667 qui
1190 1598 1355 1669 Euanpeliunt
1374 1603 1536 1666 annuntiant,
1556 1606 1588 1657 da
1608 1604 1745 1671 Eoonpelio

130 1673 274 1759 psaltnus:
303 1689 423 1757 Caerete,
450 1691 552 1758 innuit,
580 1689 690 1743 ilomine
715 1687 843 1741 canticum
870 1703 915 1740 no·
967 1689 1302 1757 uicere:epoouteurnnlio
1324 1691 1414 1746 herram
1435 1709 1562 1748 utustum
1582 1694 1746 1764 (ilicum).

129 1798 205 1847 aum,
219 1789 319 1835 cantate
336 1780 463 1848 domino,
480 1780 561 1834 curnis
576 1790 653 1834 terre.
668 1777 776 1832 Cuntote
791 1775 912 1840 Domino,
929 1759 953 1822 Β
968 1778 1151 1848 nequount
1165 1781 1278 1837 illesa:
1293 1781 1381 1851 Neque
1391 1786 1571 1854 proruperim
1582 1787 1746 1841 manducari·

129 1883 153 1928 rt
168 1873 308 1928 benedicite
323 1873 418 1926 nomini
430 1875 504 1945 ejus,
520 1873 695 1927 benenuntiate
709 1868 834 1924 dedicio
848 1868 916 1921 diem
966 1885 1023 1923 anus
1032 1870 1063 1922 oi
1076 1871 1172 1938 aliquo,
1188 1872 1233 1925 ted
1246 1874 1272 1926 iu
1284 1874 1370 1928 leuiore
1380 1883 1402 1926 et
1418 1876 1565 1948 [stipatione
1576 1888 1648 1931 nocte
1667 1887 1690 1932 et
1709 1880 1750 1932 die

130 1966 245 2018 solutore
256 1967 321 2036 ejus.
336 1964 490 2017 Annuntiate
504 1963 569 2016 inter
583 1972 669 2032 petates
681 1961 790 2030 pluriam
804 1960 876 2031 ejus,
890 1957 916 2009 itt
966 1969 1110 2028 operantes,
1125 1976 1155 2015 ne
1166 1978 1239 2030 poem
1249 1972 1356 2016 uestrum
1366 1980 1545 2033 annueremus,-
1557 1983 1607 2021 nen
1619 1969 1690 2035 quati
1699 1986 1750 2023 noo

130 2055 249 2110 nunnitus
280 2053 381 2123 populis
410 2055 536 2108 mirabile
563 2050 728 2123 eires(Prai.
756 2052 846 2119 ser),
861 2058 914 2105 ete.
967 2046 1133 2104 habuerimus
1155 2060 1314 2119 potestatem,
1335 2055 1378 2107 sed
1403 2066 1431 2108 ut
1451 2058 1615 2127 nosmetipsos
1641 2057 1750 2124 {ermom

134 2144 226 2199 l'rimo
239 2159 303 2213 crgo
316 2145 440 2214 iubemur
455 2146 481 2198 in
495 2159 518 2198 te
530 2144 672 2199 {iduatlone
684 2141 780 2198 domus
794 2141 915 2206 Domini,
966 2138 1083 2192 duremur
1095 2141 1162 2194 coiis
1176 2142 1209 2194 ad
1222 2143 1371 2196 uraitundum
1386 2159 1433 2197 nur
1450 2142 1476 2213 (i
1489 2143 1578 2198 Tiress.
1597 2145 1645 2214 rt).
1669 2145 1752 2201 ilecto

132 2235 182 2303 ipsi
199 2234 313 2289 Domino
326 2244 435 2289 cantare
450 2236 583 2289 cauticum
600 2248 715 2300 norum,
729 2232 756 2287 id
770 2242 828 2296 est,
842 2247 916 2287 auro-
966 2244 1031 2300 ergo
1064 2233 1199 2302 principes
1224 2244 1326 2301 patrum
1353 2235 1463 2290 donaria
1487 2237 1521 2292 ad
1544 2237 1749 2293 construendum

134 2324 263 2396 remeius
279 2324 467 2381 etintcrnoin
484 2326 566 2381 erardo
581 2327 713 2391 rctirtere,
728 2332 757 2380 ει
770 2323 915 2379 obserran·
966 2321 1075 2376 tlontnm
1099 2324 1145 2378 ilci
1163 2333 1258 2391 sponte
1280 2325 1408 2382 obtulisse
1427 2326 1593 2393 aeternarum
1621 2329 1683 2399 qnia
1697 2344 1751 2398 ooo
1818 2312 1835 2325 ⁸

132 2419 196 2473 tiam
212 2417 397 2472 mandatorum
415 2418 474 2487 eJos
499 2417 571 2473 iuras
586 2417 746 2483 ostendarea
760 2425 787 2472 ει
800 2416 851 2470 ltoe
864 2430 916 2468 nnn
967 2414 1081 2480 amplius
1096 2414 1196 2483 auique
1211 2430 1270 2469 cum
1285 2417 1450 2472 continentia
1463 2417 1660 2474 interdictorum
1671 2419 1750 2475 etiarn

135 2506 232 2575 pauci,
248 2507 296 2560 sed
319 2508 405 2562 omnis
431 2518 499 2563 terra
524 2507 626 2572 iacere,
643 2522 690 2578 per
703 2521 782 2574 quarn
798 2505 917 2561 Ecclesia
967 2505 1074 2560 elicitis
1085 2505 1229 2574 abstinent,
1243 2522 1276 2564 eo
1289 2508 1422 2565 eilicacius
1437 2506 1583 2566 Ecclesiam
1599 2510 1645 2565 ilci
1662 2510 1748 2565 editt-

135 2605 228 2648 saneta
250 2594 359 2649 dilatata
383 2604 433 2651 est.
453 2596 552 2652 Deinde
575 2597 690 2652 sainture
704 2596 779 2666 ejus,
795 2596 918 2652 uidelicet
967 2606 1043 2661 cant,
1059 2609 1120 2650 eum
1142 2612 1235 2652 omnes
1256 2600 1300 2666 nui
1319 2600 1438 2670 exempla
1464 2598 1633 2667 periectionis
1657 2615 1749 2656 eoruru

137 2683 276 2738 christum
293 2688 476 2756 evangelizare
496 2688 567 2756 (tuoe
582 2697 624 2743 εει
645 2688 715 2743 enim
737 2687 831 2745 Latine
850 2687 919 2742 berre
968 2688 1149 2752 nuptiatorint,
1174 2699 1247 2741 tuno
1272 2692 1356 2758 tnagis
1381 2692 1407 2744 ln
1435 2690 1533 2745 illicitis
1559 2691 1678 2746 detinere
1700 2691 1750 2760 ipsi

137 2772 282 2842 nuntiare)
304 2776 494 2843 praecipimnr:
508 2790 531 2830 er
551 2777 601 2832 ltoc
615 2791 667 2830 uon
682 2779 775 2847 paucis
789 2775 918 2831 auditori·
970 2774 1123 2840 lormidaut,
1139 2787 1238 2844 qtrattto
1249 2794 1295 2833 eos
1310 2794 1359 2834 nee
1374 2780 1450 2834 licitis
1463 2795 1511 2849 per
1525 2783 1613 2834 omnia
1635 2781 1672 2835 nti
1686 2795 1750 2835 con·

138 2864 200 2930 utu,
225 2863 274 2919 εει
299 2866 421 2919 acutulus
446 2868 550 2937 papulis
571 2867 919 2937 quruussscctestaeonsrn
969 2861 1102 2925 sidereum
1117 2863 1163 2916 sai
1180 2863 1265 2931 entius
1283 2865 1384 2929 dicere.
1407 2863 1574 2918 onerantis
1599 2865 1683 2929 liceri.
1707 2867 1751 2919 aar

137 2963 192 3007 toto
206 2952 273 3008 naue
287 2951 402 3019 dillusa;
418 2972 470 3009 nou
494 2958 553 3025 quia
567 2974 634 3012 tatros
647 2958 741 3027 aliquis
756 2958 782 3013 in
796 2958 920 3013 omnibus
970 2968 1021 3006 noa
1032 2953 1117 3005 arrrniu
1129 2954 1265 3018 expediunt
1279 2951 1305 3024 (i
1316 2955 1374 3009 Cur.
1390 2954 1439 3024 rt).
1456 2956 1527 3011 liene
1539 2964 1629 3010 autern
1644 2957 1751 3024 dicitur,

140 3048 226 3110 possit
239 3044 365 3115 gentibus
380 3047 573 3113 evangelizam,
588 3048 635 3102 een
650 3062 743 3102 omnes
758 3050 784 3102 jn
798 3047 919 3102 omnibns
971 3044 1031 3111 quia
1047 3042 1193 3097 secundum
1207 3043 1278 3098 vires
1291 3059 1352 3100 snas
1364 3044 1486 3100 dederint
1498 3045 1523 3100 in
1539 3046 1673 3112 impensas
1685 3061 1752 3115 ops·

137 3149 186 3187 stro
201 3134 319 3205 quisque
336 3143 454 3201 tenuere
470 3137 508 3191 rel
526 3138 583 3190 locu
600 3153 754 3207 possumus,
770 3093 956 3209 singuliquec
972 3135 1018 3190 ris.
1036 3133 1098 3189 ilos
1111 3144 1151 3190 est
1165 3151 1279 3205 namque
1293 3152 1416 3192 mensura
1434 3136 1555 3191 lrrrmauae
1571 3137 1753 3205 perlectionia,

136 3223 268 3280 arrairersis
283 3236 308 3278 ει
324 3225 451 3282 debemus
472 3235 499 3280 et
515 3241 655 3296 possamus
678 3229 802 3298 gaudium
827 3243 920 3297 perpe·
968 3224 1042 3296 iuxta
1056 3226 1126 3281 uires
1137 3242 1268 3296 utromque
1283 3227 1596 3296 proiiominolalrorare,
1610 3237 1752 3282 aestatum

137 3330 189 3373 tute
213 3317 306 3373 salutis
332 3328 443 3386 optare,
468 3319 607 3374 dicentes:
635 3321 750 3374 laudate
765 3320 918 3386 Dounnunt,

137 3425 226 3466 ornnes
238 3419 340 3480 pentes,
356 3422 378 3463 et
395 3408 541 3462 collaudate
554 3425 627 3470 ειιηι,
642 3425 727 3463 onmes
741 3410 837 3480 pepuli.
856 3409 920 3473 Quo·

137 3502 205 3554 niatu
218 3501 369 3567 corrfirmntu
381 3510 416 3553 ert
428 3516 504 3569 stupet
525 3516 570 3553 tros
580 3499 753 3554 nriscricordin
762 3501 817 3571 eius
827 3499 912 3571 (Paul,

138 3590 236 3657 carr),
252 3597 305 3644 etc.

173 3681 239 3750 Equi
251 3695 337 3734 eorum
360 3680 471 3734 aeccemi
495 3680 597 3752 tripintn
611 3696 666 3747 tce,
688 3688 740 3736 ete.
768 3679 853 3735 liuius
887 3693 920 3734 ex

136 3775 212 3827 asino
236 3782 263 3827 et
284 3785 353 3840 euru
376 3771 501 3842 gignitur,
524 3770 593 3826 mula
617 3788 649 3827 er
679 3786 749 3840 equo
781 3780 808 3827 et
833 3771 918 3827 asina.

136 3866 206 3920 lun-r
239 3861 360 3917 homiues
395 3876 459 3931 erpo
486 3861 530 3932 qui
562 3863 595 3915 tle
626 3861 782 3931 captivitate
817 3876 919 3916 ascen·

136 3952 245 4017 derunt,
259 3951 339 4007 etiam
355 3951 486 4015 anintaliu,
502 3951 597 4019 ortibus
609 3950 659 4006 iter
672 3965 763 4006 eorum
775 3951 920 4018 adjuraba-

137 4051 189 4109 tur,
201 4042 301 4112 pariter
319 4041 518 4107 deseribuntum
534 4056 691 4109 eorumque,
706 4043 776 4096 sicui
790 4052 816 4096 et
836 4042 920 4097 laomi-

971 3325 1070 3371 sauctn
1095 3316 1222 3373 Ecclesia
1239 3319 1323 3386 primo
1350 3320 1375 3372 in
1390 3333 1436 3374 sua
1451 3330 1522 3373 reete
1536 3321 1749 3384 couversatione,

970 3403 1066 3461 deinde
1077 3416 1105 3462 et
1127 3407 1154 3461 iu
1183 3409 1361 3474 proximorum
1387 3412 1552 3465 correctione
1577 3411 1693 3466 llrmarc.
1720 3412 1753 3464 Et

971 3505 1042 3550 tecle
1053 3496 1078 3551 lri
1098 3499 1141 3566 nui
1157 3498 1243 3553 taliter
1257 3500 1283 3553 in
1296 3499 1448 3568 populoiiel
1463 3513 1665 3569 conversantur,
1677 3505 1751 3572 prin·

971 3585 1042 3652 cipes
1057 3598 1160 3656 patrum
1184 3598 1326 3655 uocantum
1342 3592 1404 3658 qaia
1425 3592 1548 3646 nimirum
1564 3607 1611 3661 per
1624 3608 1678 3649 sue
1693 3608 1752 3663 per·

970 3675 1111 3730 lectionem
1126 3678 1187 3731 ritae
1202 3693 1233 3732 ac
1243 3678 1380 3743 doetrinae,
1394 3681 1474 3734 etiam
1499 3681 1551 3736 iliis
1571 3684 1615 3751 qni
1633 3697 1680 3752 per
1693 3695 1751 3738 stu·

970 3764 1042 3821 (lium
1065 3766 1114 3834 piae
1138 3766 1327 3821 sollicitudinis
1352 3776 1439 3832 patres
1462 3767 1488 3822 in
1513 3768 1629 3823 Ecclesia
1665 3772 1753 3826 vocari

973 3870 1104 3922 attenuere,
1124 3857 1203 3911 ultius
1214 3857 1325 3911 nitendo
1339 3869 1364 3910 ct
1378 3860 1511 3927 generalia
1532 3860 1597 3927 legis
1626 3862 1750 3916 urntdata

973 3947 1185 4003 transcendendo
1196 3950 1386 4018 principantur.
1410 3949 1543 4006 liederum
1565 3964 1653 4007 atatem
1670 3955 1753 4010 uitro-

973 4053 1050 4091 neam
1077 4037 1248 4109 oblationem,
1263 4054 1368 4105 aurum,
1383 4049 1530 4111 argeutum,
1551 4053 1639 4097 restes
1664 4058 1752 4098 sacer·

137 4148 201 4187 ritum
230 4130 396 4186 nomerrtsiu
413 4131 652 4201 libroproplretico
671 4130 920 4202 designemuouia
971 4129 1084 4187 tlrrtales.
1113 4130 1140 4185 ln
1159 4146 1225 4186 auro
1251 4133 1390 4202 sapientiae
1413 4134 1569 4199 claritatem,
1593 4135 1619 4189 iu
1643 4148 1752 4206 argento

137 4219 262 4275 nimirum
275 4228 337 4276 sutri
351 4218 425 4273 multi
439 4219 465 4273 in
482 4219 611 4285 Ecclesia,
626 4220 668 4274 rei
681 4236 759 4275 sensu
779 4221 920 4288 tardiores,
972 4222 1083 4277 nitorem
1109 4221 1217 4291 eloquii,
1246 4223 1271 4277 iu
1294 4223 1413 4280 aestiuus
1440 4224 1649 4280 sacerdotalibus
1671 4242 1752 4295 opera

137 4312 683 4385 vg}&mammaemammaltanteu
702 4327 763 4366 cum
786 4313 921 4383 magistris
971 4312 1095 4382 justitiet,
1128 4313 1197 4381 tulgi
1226 4328 1314 4368 utores
1338 4316 1447 4369 ntultum
1471 4318 1694 4376 transcendentia.
1724 4327 1755 4372 et

137 4412 319 4484 spiritualibus
332 4412 463 4467 strumissa
475 4412 616 4467 deuotione
629 4403 816 4484 obtemperant
839 4416 918 4476 atone
937 4404 1178 4506 ”maculantibus
1194 4412 1297 4464 tantum
1313 4425 1345 4466 ac
1361 4410 1415 4465 lieo
1437 4407 1601 4468 maceratis
1625 4407 1756 4469 cordibus

138 4502 316 4574 adponenda
334 4502 469 4558 inutiliter
495 4518 574 4558 onera
591 4503 713 4559 fraternae
744 4506 920 4570 raucessitatis,
973 4503 1063 4571 digna.
1079 4500 1223 4557 Tianorum
1235 4505 1302 4557 enim
1319 4505 1493 4560 desiderabilis
1511 4508 1645 4573 requiescit
1669 4508 1697 4561 in
1712 4523 1757 4562 ore

139 4594 247 4648 doraum
262 4592 359 4647 mentis
372 4603 534 4663 supponunt,
546 4603 573 4647 et
586 4594 704 4663 ipsicnm
715 4595 820 4651 eaeteris
830 4597 923 4652 electis
934 4619 957 4663 ᾳ
973 4591 1110 4659 sapient„
1121 4599 1144 4644 ct
1162 4590 1262 4658 eloquia
1279 4593 1389 4659 tuemini,
1410 4596 1509 4662 eloquia
1526 4608 1607 4663 rosto,
1622 4608 1757 4668 arpentum

139 4685 173 4738 de
187 4682 346 4738 eoniusione
370 4681 511 4737 dialrolioae
536 4685 697 4751 captiuitatis
717 4685 813 4752 erepti,
828 4685 862 4741 ad
876 4701 922 4740 su.
973 4682 1030 4750 ipae
1053 4682 1240 4746 examinantium
1256 4693 1279 4736 ct
1291 4688 1434 4738 socmdotet
1455 4687 1490 4739 toi
1506 4685 1646 4740 induantur
1656 4690 1757 4757 justitio

140 4791 230 4844 {ldlilae
250 4775 368 4829 civitatis
394 4777 493 4830 ntoenia
519 4776 640 4830 lepidum,
661 4775 779 4842 Quorum
806 4777 924 4845 profecto
973 4767 1430 4841 (Psoi.11.1ill,ctxtl).AUtutu
1447 4784 1757 4845 ergoelstgentutmet

141 4880 281 4931 {itinn-rtis,
298 4863 615 4933 sieutctpcrieetiorum,
640 4866 741 4935 integer
754 4868 780 4923 iu
795 4866 922 4923 mentoris
974 4869 1063 4916 vestet
1086 4862 1276 4927 sacerdotnm,
1310 4863 1445 4934 uritteipes
1473 4877 1577 4935 patrum
1609 4867 1755 4922 senrrrdntn

140 4954 236 5008 interni
246 4952 322 5009 tetis
334 4962 433 5007 aterna
454 4963 637 5009 conservatur.
653 4955 728 5010 liade
751 4970 784 5011 es
809 4971 922 5026 persona
972 4951 1043 5005 lites
1054 4965 1116 5006 illst
1131 4951 1158 5006 in
1171 4951 1305 5021 impensas
1320 4953 1435 5010 oderunt
1448 4970 1559 5023 operum
1575 4957 1678 5024 templi,
1693 4973 1754 5012 curn

139 5041 405 5099 sanctasanirersalis
428 5043 554 5099 Ecclesiae
577 5046 631 5100 [leo
655 5044 771 5101 dicitur:
795 5045 921 5118 irnperio·

138 5144 209 5187 ctum
229 5149 311 5187 naemu
325 5133 441 5186 uiderunt
455 5134 522 5188 oculi
544 5135 591 5202 tui,
607 5145 631 5189 ct
646 5137 672 5190 in
690 5136 756 5191 libro
776 5147 820 5191 tuo
838 5153 923 5192 omnes

137 5226 281 5278 acriien‘ar
301 5222 388 5295 (Pani.
405 5225 546 5295 orarunt).
570 5226 602 5280 Et
625 5227 651 5282 in
664 5228 717 5283 alio
731 5228 833 5298 psalmo
845 5247 852 5283 :
866 5228 924 5283 ilo·

138 5316 221 5370 arinca
240 5324 264 5370 et
277 5315 396 5384 iumento
409 5316 491 5370 aalma
511 5317 598 5386 iacies,
617 5316 741 5384 nomine,-
759 5323 922 5388 cuonradum-

136 5404 200 5460 dum
222 5404 397 5476 multiplicasti
421 5405 607 5461 urisericordios
636 5417 714 5476 tuat,
741 5407 809 5463 ileos
835 5409 921 5480 (Psoi.

137 5493 234 5564 sarr).
245 5494 277 5547 m
291 5508 351 5548 mor
366 5495 399 5549 de
413 5495 614 5565 perlectiorilrua
631 5514 637 5548 :
655 5494 718 5551 Filii
740 5507 823 5552 autern
843 5500 922 5554 iomi-

136 5584 920 5661 nuninprctentoaenlorantauramcperatont(illd).erc.

174 5675 210 5731 Et
231 5678 264 5731 de
285 5677 442 5747 principibus
456 5687 568 5747 patrum,
584 5694 641 5733 curn
655 5678 849 5750 ingrederentur
863 5693 923 5737 tent·

974 5041 1023 5095 riri
1035 5041 1131 5106 saneti,
1147 5043 1272 5110 ouitlnuid
1282 5045 1429 5112 cupientia,
1445 5048 1572 5117 quidquid
1586 5048 1753 5118 eloquentie.

974 5127 1101 5199 quidquid
1121 5131 1269 5198 percipiunt
1282 5131 1395 5188 actionis
1414 5134 1502 5198 bone,
1516 5144 1599 5190 totum
1615 5136 1665 5191 lanc
1689 5137 1760 5193 betae

974 5220 1074 5275 utendo
1085 5221 1110 5274 in
1125 5221 1328 5277 noliticationetn
1341 5224 1483 5280 cupierunt
1507 5215 1625 5282 lideliar'tt
1644 5228 1755 5283 curisti.

973 5309 1080 5367 Certum
1093 5322 1182 5368 antem
1196 5314 1299 5382 pondus
1311 5314 1369 5368 auri
1381 5316 1527 5384 statuenti,
1542 5327 1631 5373 certos
1641 5321 1756 5375 restium

974 5416 1101 5456 uumerus
1113 5403 1316 5471 sarcerdotalium
1332 5406 1358 5458 lu
1370 5418 1448 5459 sacra
1458 5405 1570 5462 historia
1581 5410 1754 5477 cortunetnr,

975 5498 1003 5543 ut
1023 5490 1094 5560 justa
1120 5491 1309 5558 precedentem
1335 5496 1528 5559 expositionem
1556 5500 1659 5553 numeri
1681 5515 1758 5555 raso·

975 5601 1045 5648 rum,
1064 5583 1211 5650 lrotuinuur,
1225 5593 1252 5640 ct
1264 5587 1429 5652 animalium,
1456 5589 1655 5647 meminerimus
1670 5592 1758 5650 maui-

976 5690 1037 5728 num
1061 5689 1154 5730 enarres
1172 5675 1302 5743 cogitatus
1325 5686 1442 5746 nostros,
1455 5693 1602 5749 armum,
1630 5692 1659 5741 et
1681 5694 1758 5742 actus
