3794 6120
127 251 178 306 583
369 251 471 306 BEDAE
493 251 719 310 tenebititis
736 251 876 308 btteubtt
898 250 986 307 Pstis
1004 252 1034 307 ll.
1055 282 1088 293 -
1109 251 1302 311 lXEGETlCA
1322 252 1486 311 doubted.
1690 249 1746 306 stt

125 378 246 419 strennue
260 375 386 418 cucumere
409 360 561 427 subeuntes,
583 371 655 418 staro
676 362 702 417 in
722 362 864 433 prosperis,
887 369 915 417 et
928 362 952 421 Δ
965 372 988 417 et
1002 365 1192 430 nudiustertius,
1208 377 1259 422 etc.
1277 364 1349 420 llnlti
1365 380 1478 433 nantrtue
1489 364 1593 419 seducti
1607 363 1642 417 ab
1656 363 1745 419 buare-

129 459 253 523 sospritatc
278 452 375 523 degere
399 454 545 519 potabant,
573 455 707 523 sapientes
734 469 852 523 quosque
880 453 907 508 in
960 458 1029 526 licis,
1042 459 1279 527 impugnantesque
1291 469 1351 510 cum
1367 455 1409 510 eis
1424 453 1579 516 Ecclesiam,
1596 453 1641 507 ubi
1654 452 1744 509 disse·

128 546 256 614 pravitate
275 544 417 598 virentium
438 545 615 601 certissimum
638 546 784 614 praesidere
805 545 907 615 suppli·
960 551 1075 603 nuntiata
1101 547 1233 617 dogmatis
1256 560 1348 601 eorum
1370 558 1533 614 cognosere,
1556 551 1586 599 et
1609 543 1744 598 tatltollca

126 639 205 690 cium.
959 638 1128 707 simplicitate
1141 637 1218 706 quasi
1236 651 1316 704 opere
1336 634 1457 690 lonatlue
1477 632 1633 693 dialecticas
1649 648 1745 688 eorttut

164 725 197 780 dt
214 724 250 779 sit
264 724 330 782 Saul
348 725 382 778 ud
406 726 528 781 dubiam:
544 726 650 796 dpplita
670 743 754 780 orcam
780 726 837 788 bei,
854 737 907 783 etc.
959 736 1051 784 cautes
1065 728 1217 782 transcendi
1232 737 1311 795 atque
1324 725 1478 793 exsuperari
1494 723 1630 789 uiderunt,
1643 724 1746 779 reuersi

128 818 226 873 dubias
238 816 319 872 irater
332 817 420 881 illius,
439 818 495 872 site
515 817 596 872 irater
617 818 676 889 rjus
697 819 803 872 dicitur.
828 818 909 870 diunt
960 824 1031 881 sont,
1049 825 1087 879 ut,
1109 815 1279 882 impositione
1289 829 1385 869 manus
1399 812 1588 879 sacerdotalis,
1603 812 1746 869 catlrolicae

127 924 190 979 ergo
203 909 264 962 imni
278 909 360 964 duces
377 909 514 974 Ecclesiae,
530 909 601 963 aiunt
623 912 721 979 quoique
736 909 829 963 fideles
842 923 909 975 ιιι-
960 904 1195 960 reconciliarentur
1218 904 1354 958 licclesiae.

127 1001 225 1054 tidians
245 1011 336 1054 contra
357 1007 502 1069 potestates
525 998 612 1054 aerias
628 1000 695 1054 bella
707 1007 841 1068 gerentes,
857 997 909 1051 lra-
996 995 1088 1049 Omnes
1098 992 1326 1063 guoquelsroelitoe
1333 995 1377 1065 gui
1385 1008 1413 1049 tc
1421 992 1606 1048 discordarunt
1618 993 1645 1046 iu
1663 1002 1747 1046 ιιοιιιι

128 1090 212 1144 tribus
237 1090 293 1146 sois
314 1089 456 1158 Scripturas
478 1104 560 1144 sacre
584 1090 697 1144 lectione
721 1087 858 1156 praeditis,
883 1093 910 1140 ct
960 1085 1095 1150 lisbruim,
1111 1093 1164 1139 etc.
1181 1085 1263 1139 Recte
1277 1084 1445 1138 discretionis
1457 1092 1510 1148 est,
1525 1093 1554 1138 ut
1578 1083 1622 1152 qui
1645 1091 1747 1151 potest,

128 1180 228 1250 maiore
250 1181 375 1235 virtutum
398 1180 526 1234 exercitio
548 1180 651 1248 scipsos
672 1177 788 1246 nrtotidie
805 1191 853 1246 per
867 1190 909 1229 sa·
959 1187 1052 1232 contra
1068 1175 1197 1243 reprobos
1211 1175 1332 1230 docendo
1344 1174 1385 1231 rel
1400 1175 1547 1245 arguendo,
1560 1190 1609 1244 pro
1626 1175 1746 1230 Ecclesia

127 1271 274 1327 cordolium
297 1271 385 1340 regale
400 1270 454 1325 beo
476 1269 588 1325 bostiam
609 1270 694 1322 utram
717 1267 908 1323 offerentibus:
959 1277 1053 1329 certet,
1079 1280 1177 1321 carens
1201 1264 1266 1319 illud
1287 1264 1495 1334 propheticum:
1522 1264 1677 1320 dluledictus
1703 1267 1747 1332 ιιιΙ

127 1364 210 1429 aiunt,
226 1362 344 1431 inquam,
360 1361 458 1417 talibus
479 1360 505 1414 lti
519 1358 563 1428 tpri
585 1374 632 1427 per
654 1359 809 1425 semetipsos
824 1355 910 1412 adbuc
960 1356 1073 1426 probibet
1091 1357 1205 1426 gladium
1218 1372 1291 1410 suunt
1305 1372 1322 1409 ι
1335 1360 1459 1426 sunguine
1483 1354 1551 1428 (ier.
1580 1359 1686 1425 scrut).
1713 1360 1745 1412 Αι

129 1451 316 1506 tentationibus
331 1449 437 1519 agitari,
453 1451 494 1504 uel
519 1448 665 1503 Ecclesium
681 1445 842 1516 generaliter
856 1445 910 1500 bas·
959 1444 1003 1514 uui
1019 1445 1132 1500 docendi
1147 1444 1241 1500 elllcas
1267 1460 1319 1499 non
1340 1455 1391 1507 est,
1407 1446 1434 1500 in
1455 1444 1587 1514 l'rugilerae
1601 1461 1634 1500 se
1649 1451 1748 1501 mersos

127 1543 230 1598 resibus
245 1542 345 1597 turbari
359 1541 541 1613 conspiciunt,
558 1549 587 1595 ut
607 1537 745 1607 patefactis
759 1536 907 1590 divinorum
960 1534 1110 1596 altitudine.
1127 1549 1162 1589 ne
1179 1533 1321 1589 uirtutibus
1331 1533 1530 1605 spoliaudrrsab
1544 1533 1621 1589 hoste
1636 1534 1748 1590 iraudu-

127 1632 290 1701 nloquiorom
314 1633 436 1697 arcanis,
463 1631 613 1687 testimonia
638 1629 688 1683 sibi
715 1624 908 1688 manifestiora,
964 1624 1036 1679 lento
1051 1624 1211 1694 reperiatur,
1234 1622 1390 1679 abscondat.
1413 1622 1480 1677 Sunt
1495 1626 1566 1678 enirn
1591 1625 1636 1694 tpri
1651 1624 1686 1678 ad
1701 1625 1747 1680 de·

127 1724 221 1791 quibus
245 1730 336 1776 contra
366 1721 505 1776 ltaeresium
527 1718 701 1773 fabricatores
720 1717 756 1770 uti
784 1716 907 1779 debeant,
924 1691 1179 1785 ”prehendendum
1195 1717 1452 1786 expugnandamque
1472 1717 1616 1771 uersutiam
1639 1715 1745 1772 baereti-

128 1811 222 1879 tpribus
236 1819 331 1866 catera
344 1811 519 1865 tentationum
536 1809 677 1862 luctamina
692 1806 835 1861 devincere
849 1819 909 1873 pos·
959 1821 1066 1872 corum,
1080 1817 1245 1876 caeterasque
1258 1806 1361 1876 antiqui
1373 1805 1458 1861 bostis
1472 1805 1583 1860 insidias
1593 1805 1684 1860 idonei
1694 1820 1747 1862 ooo

128 1899 197 1959 sint,
212 1906 302 1967 aperta
318 1898 419 1952 ratione
442 1895 598 1951 dilucident.
618 1894 671 1950 Sed
696 1907 768 1962 saepe
782 1892 911 1961 contingit
962 1906 1035 1962 sunt,
1051 1897 1098 1951 sed
1113 1895 1161 1950 bas
1177 1911 1223 1963 per
1237 1897 1305 1951 alios
1316 1893 1547 1965 expositas,jurta
1571 1894 1645 1950 sires
1674 1897 1746 1950 inse·

128 1998 166 2044 tut
179 2004 210 2044 ac
224 1998 311 2044 tantas
323 1989 390 2044 inter
405 2004 434 2045 se
450 1989 540 2044 bostes
562 1988 689 2044 Ecclesiae
705 1988 809 2058 (hostes
822 1986 907 2040 lucre·
961 1985 1017 2054 qui,
1028 1995 1055 2040 ct
1068 1985 1129 2040 odio
1145 1985 1244 2041 babere
1267 2000 1319 2041 non
1341 1995 1466 2041 cessant:
1488 1995 1516 2039 et
1534 1983 1585 2038 boc
1603 1993 1658 2049 est,
1677 1981 1747 2051 quod

129 2078 195 2132 ticos
208 2076 280 2146 dico,
293 2077 335 2132 rel
348 2077 472 2148 gentiles)
485 2077 582 2133 babere
604 2090 704 2146 pugnas
717 2074 910 2143 conflictusque
961 2078 1064 2147 turgotus
1077 2076 1217 2132 audientes
1226 2075 1393 2131 Pbilistltaeos
1401 2074 1523 2131 absconsi
1534 2076 1608 2144 prius
1618 2075 1645 2129 in
1659 2085 1749 2131 moute

129 2168 519 2237 uerborumsiredogmatrun,
548 2177 576 2220 ιιι
601 2169 753 2222 meliussrra
769 2168 908 2235 dispensa·
965 2166 1102 2235 l‘plrraim,
1120 2167 1147 2222 id
1170 2176 1224 2233 est,
1247 2166 1384 2238 ltogilero,
1409 2166 1535 2221 israelitae
1555 2165 1612 2223 suis
1633 2181 1663 2221 se
1683 2180 1748 2222 coo·

128 2256 200 2311 tione
210 2256 360 2321 altrinseca,
376 2273 453 2326 noant
469 2258 615 2312 assertione
635 2255 811 2324 spiritualium
835 2256 910 2324 pugi·
961 2258 1048 2313 testim
1065 2259 1090 2312 in
1104 2258 1162 2312 acie
1175 2258 1308 2328 jurtgont:
1325 2273 1374 2313 nec
1387 2273 1435 2314 eon
1449 2268 1537 2314 tannen
1550 2258 1621 2319 trisse.
1634 2258 1683 2315 sed
1703 2260 1744 2314 di·

129 2360 220 2400 aarum
234 2346 424 2401 convincantur
442 2361 503 2402 ease
522 2344 588 2400 tarsa
607 2361 666 2416 ιιι
681 2347 794 2411 docent,
809 2354 836 2399 et
848 2358 908 2414 qnae
962 2347 1024 2403 rino
1038 2362 1144 2417 semper
1157 2349 1275 2404 Ecclesia
1290 2349 1407 2403 saluatur
1421 2351 1532 2405 auritio.

129 2445 210 2504 agunt
231 2435 383 2492 immunda:
400 2436 601 2504 incenduntque
622 2437 658 2490 sit
681 2436 797 2492 caelestis
810 2436 912 2491 militie
998 2440 1089 2509 Pugno
1102 2451 1187 2496 nutem
1209 2441 1319 2512 perucmt
1341 2456 1420 2511 usque
1443 2439 1582 2497 dertusen.
1609 2439 1749 2496 betham

129 2524 293 2590 ductoribus,
309 2523 379 2592 quod
393 2523 454 2580 Saul
469 2524 563 2580 iecisse
574 2524 747 2589 describitur,
758 2525 802 2594 qui
817 2532 912 2579 exorto
961 2530 1055 2585 domus
1071 2530 1146 2595 idoli,
1162 2530 1203 2584 uel
1226 2531 1322 2585 dromus
1349 2531 1454 2585 inutilis
1480 2531 1578 2584 dicitur·
1591 2547 1598 2584 ι
1613 2541 1641 2586 et
1663 2546 1750 2602 usgue

129 2612 271 2667 incastris
296 2611 513 2668 Pbillstbinorum
537 2612 660 2677 tumulto,
676 2624 702 2666 et
722 2613 748 2666 iu
770 2613 855 2682 majus
880 2625 911 2667 ac
961 2636 1024 2691 ergo
1033 2620 1153 2676 Ecclesia
1166 2620 1334 2690 persequitur
1343 2621 1484 2675 lraereticos
1494 2623 1648 2690 arguendo:
1662 2622 1750 2678 donce

130 2704 394 2772 tursiusuogescentc,
407 2717 458 2759 oon
471 2703 673 2772 ampliuslleom
688 2702 910 2772 persacerdoum
960 2724 1007 2767 sos
1021 2713 1047 2766 in
1063 2710 1199 2780 plerisque
1215 2724 1379 2780 paganorum
1394 2709 1536 2766 densentiau
1559 2711 1673 2780 aqualia
1693 2712 1750 2768 bla-

128 2797 286 2861 consulcre,
311 2797 358 2850 scd
379 2796 436 2866 ipse
456 2807 560 2864 arrepta
580 2796 689 2851 militum
713 2811 803 2861 manu.
821 2794 911 2850 h⁰⁸l⁰⁵
961 2803 1287 2873 spbemasseconrincat:
1303 2811 1331 2858 et
1347 2800 1518 2872 usqueverbi
1540 2803 1661 2873 gladium
1687 2819 1750 2873 pro·

129 2901 196 2956 quos
211 2887 321 2941 inuicem
340 2885 470 2943 dissidere
496 2895 673 2955 compererat,
698 2884 817 2954 insequi,
832 2891 911 2954 atnoe
962 2894 1055 2956 rendit,
1072 2893 1158 2949 noune
1174 2895 1270 2964 ιιῃρῑοι
1282 2908 1388 2964 quoque
1409 2901 1438 2950 et
1455 2893 1579 2952 insuete,
1605 2896 1699 2966 „imp
1719 2898 1751 2953 g.

129 2976 263 3048 adingam
279 2992 373 3047 urgere
395 2974 511 3033 destinat.
535 2977 626 3033 Potest
639 2985 727 3033 sotem
751 2975 847 3050 bobius
866 2990 909 3031 sa·
963 2983 1058 3053 deique
1072 2984 1203 3039 restituat.

128 3067 238 3134 certos,
263 3081 332 3122 urae
355 3066 590 3132 nominitamus,
619 3068 697 3123 ettam
725 3067 796 3137 iosos
825 3028 948 3122 ueraec
998 3073 1180 3130 transeut
1197 3079 1308 3131 ιιιιι
1333 3077 1383 3130 ιι·
1402 3085 1438 3131 ιι
1452 3078 1479 3131 ιι
1499 3077 1542 3132 ιι
1554 3077 1610 3132 ιιι.
1641 3076 1751 3148 rupo·

128 3155 272 3227 Scripturas
282 3154 431 3212 conditores
445 3171 496 3210 non
511 3157 729 3214 inconvenienter
738 3157 906 3228 exprimeret
962 3179 1010 3234 per
1030 3165 1135 3222 diuersa
1157 3166 1290 3232 bostibos,
1305 3165 1427 3223 Ecclesia
1447 3175 1502 3222 toto
1524 3174 1660 3223 ιιηιιιι
1684 3168 1750 3227 erbe

127 3245 171 3311 uui
188 3241 388 3311 noblsttuolies
400 3242 443 3311 Ρῑθ
458 3250 593 3311 pellimur,
607 3259 696 3299 arcem
711 3259 790 3316 quam
800 3254 909 3301 tertull
960 3256 1056 3319 diuisa,
1072 3269 1125 3311 ouo
1148 3256 1298 3326 codemque
1318 3272 1425 3327 semper
1455 3258 1632 3314 lrnternltatis
1655 3272 1750 3315 amm

128 3333 211 3388 diuini
231 3333 369 3400 proterunt
384 3330 483 3386 oraculi
497 3348 505 3385 ι
521 3335 657 3402 proterunt
671 3343 698 3390 ct
724 3335 845 3406 exempla
861 3337 909 3392 bo·
961 3347 1076 3402 luatur.

128 3440 222 3480 norom
242 3438 352 3490 opernm
366 3438 425 3494 note
439 3438 562 3493 gessere,
581 3424 651 3494 qood
671 3424 845 3493 significatum
868 3435 909 3483 est

128 3534 216 3590 sopra,
231 3519 275 3574 nbi
290 3519 358 3574 idem
376 3518 470 3572 deltias
489 3517 575 3587 eptrod
600 3527 720 3587 portasse
744 3517 906 3590 perhibetur.
1259 3467 1371 3524 CAPUT
1398 3468 1442 3524 u·

128 3609 181 3665 ιιι
196 3618 279 3674 ιιι,
304 3608 374 3679 quoe
397 3608 467 3662 otrus
490 3607 602 3662 acoron
625 3607 712 3662 natm
735 3607 908 3664 tetamento
959 3581 1069 3652 ‘wilm‘
1083 3580 1148 3637 ⁸⁰⁸¹
1161 3582 1281 3652 stillim
1295 3581 1409 3663 'well‘
1429 3597 1507 3647 illm
1530 3581 1599 3664 '¹⁰¹3‘
1621 3582 1749 3638 “im'’

993 3653 1116 3716 comedat,
1130 3659 1154 3704 et
1163 3667 1194 3704 uc
1202 3650 1272 3704 boote
1282 3660 1404 3704 crstuncto
1416 3666 1475 3704 cunt
1485 3667 1609 3722 mugnone
1620 3656 1747 3706 comedat.

101 3700 251 3762 ‘l‘lrinees,
272 3699 316 3769 ιιι
339 3695 668 3753 exortosioeratetllcli
691 3698 830 3754 sacerdote
853 3698 904 3753 [lo-
998 3721 1212 3788 pamgpficm
1236 3721 1328 3785 aum,
1343 3731 1367 3773 e,
1386 3721 1519 3774 omnm
1547 3720 1652 3774 „om-„3
1678 3723 1749 3791 W

128 3789 216 3855 mini,
239 3790 264 3844 in
290 3788 346 3843 Silo
366 3788 447 3844 luisse
476 3797 647 3844 memoratur.
673 3788 787 3844 deltitnb
811 3789 908 3860 quippe
992 3793 1082 3861 quoerit
1093 3792 1124 3844 ob
1135 3800 1232 3844 rentum
1246 3789 1365 3844 donatiuo
1379 3800 1560 3856 sternentium
1574 3806 1651 3860 μοι
1663 3799 1749 3847 tusses

128 3880 208 3935 irater
231 3879 315 3935 bonus
342 3880 539 3948 interpretatur.
559 3879 623 3933 Nam
648 3888 676 3934 et
696 3879 747 3948 ipsi
772 3894 907 3936 sacrarum
993 3860 1380 3930 P⁰12¹¹¹⁸⁸l³⁶m⁰5⁵⁴¹²¹li⁶l5ll¹⁵b

128 3974 274 4030 litterarum
300 3973 473 4038 conditores,
497 3987 530 4028 eu
552 3973 734 4029 sacerdotibus
756 3988 807 4028 non
832 3975 907 4043 pauci
994 3972 1219 4041 ddpuruuitigitur
1232 3972 1298 4027 Saul
1311 3973 1445 4042 populum,
1462 3973 1570 4029 ruera.-
1591 3973 1748 4030 llotedirtru

127 4080 211 4135 genos
223 4065 323 4120 duxere
334 4081 342 4118 τ
355 4074 407 4120 eta
422 4064 547 4120 tratribus
562 4065 637 4120 bouis
647 4064 752 4131 cruditi,
767 4066 908 4121 nonnullos
958 4063 1005 4126 uir,
1021 4071 1086 4126 otc..
1098 4062 1224 4132 usquead
1239 4061 1264 4115 id
1279 4062 1349 4130 quod
1361 4063 1489 4131 scripturn
1504 4073 1566 4118 est:
1583 4063 1667 4118 Purra
1681 4063 1732 4118 Pet

127 4155 208 4210 etiarn
222 4155 329 4219 iratres,
344 4152 412 4207 sicut
423 4152 478 4219 ipsa
491 4153 626 4221 Scriptura
640 4153 713 4208 testis
724 4160 776 4217 est,
792 4151 907 4208 baboere
957 4152 1064 4208 listiiim
1083 4152 1198 4208 obierunt
1225 4154 1252 4207 in
1276 4155 1332 4207 locu
1345 4169 1404 4208 suu.
1430 4154 1492 4208 lluc
1518 4155 1600 4207 lectio
1623 4155 1753 4209 doctores

128 4261 179 4300 non
193 4244 295 4300 bonos:
312 4252 339 4299 et
351 4242 471 4315 eiuselem
489 4243 566 4298 bodie
583 4244 695 4299 lectores
715 4257 788 4313 acque
802 4259 817 4295 a
831 4242 908 4298 bonis
959 4242 1079 4298 veritatis
1092 4242 1209 4307 iustruit,
1222 4244 1293 4298 sicut
1303 4258 1316 4295 a
1327 4243 1432 4299 catenis
1443 4242 1534 4296 numdi
1549 4243 1697 4309 illecebris,
1708 4245 1772 4307 si·

127 4335 260 4401 instructi,
281 4334 408 4388 maltrrom
432 4345 520 4388 tamen
540 4348 607 4403 qnos
622 4333 732 4388 lclrabod
752 4344 778 4388 et
798 4343 857 4389 orto
881 4341 909 4388 et
924 4334 1040 4423 „etiam
1055 4333 1089 4388 ab
1104 4332 1253 4402 appetenda
1277 4333 1413 4388 saecularis
1426 4334 1589 4401 eloquentia
1603 4334 1749 4391 dulcedine

126 4428 233 4483 somine
254 4425 379 4496 inglorius
393 4427 490 4493 signat,
508 4434 640 4493 nequeunt
656 4437 749 4478 carere
761 4425 906 4477 consortio.
959 4427 1102 4489 abstinere,
1119 4439 1231 4480 necnon
1247 4434 1275 4479 et
1288 4438 1335 4480 eos
1349 4438 1417 4494 quos
1427 4423 1562 4491 imbuunt,
1578 4425 1607 4478 io
1622 4435 1698 4495 petra
1712 4426 1742 4480 Ι·

163 4514 398 4583 conclurnuuitcrgo
412 4511 478 4567 Sunt
490 4520 514 4565 et
525 4514 604 4566 omnir
615 4512 735 4583 populus,
745 4520 797 4566 etc.
809 4511 906 4578 ludat,
957 4515 1000 4570 dei
1023 4517 1057 4570 ab
1071 4516 1144 4570 oruoi
1159 4514 1255 4582 prioris
1266 4515 1327 4569 ritae
1339 4516 1510 4582 corruptione
1520 4526 1653 4572 matare.
1665 4516 1741 4584 adju·

126 4605 250 4673 gentiles,
266 4604 512 4668 attrectationem
527 4603 581 4658 sint
596 4603 686 4657 bostes
701 4603 829 4658 Ecclesia
840 4619 906 4657 cun·
920 4621 939 4640 ν
957 4606 1027 4659 rasit
1040 4604 1120 4675 igitur
1134 4604 1197 4660 Saul
1213 4605 1339 4673 populum
1354 4602 1486 4671 lugienteu
1501 4603 1674 4659 tbittsrltaor
1684 4619 1736 4674 per·

72 4706 74 4711 ·
126 4694 172 4760 cti,
189 4694 345 4749 alterutrum
361 4707 391 4748 se
412 4693 509 4763 singuli
527 4692 601 4747 rerlti
615 4691 704 4760 gladio
724 4692 830 4746 ieriortt.
854 4691 906 4763 lpsi
958 4706 1125 4767 sequentem,
1141 4697 1326 4765 nequisquam
1342 4696 1391 4751 nisi
1404 4697 1537 4764 complete
1549 4697 1584 4752 de
1606 4697 1686 4753 boste
1706 4700 1735 4748 ri·

125 4785 209 4854 tudam
231 4799 278 4854 por
304 4783 452 4839 Pisarissos
482 4794 509 4838 et
533 4783 693 4839 Sadducaeos
716 4784 829 4837 inuicem
856 4798 906 4852 po·
957 4788 1041 4842 cloria
1056 4786 1293 4856 cotuederettqoi
1311 4787 1406 4841 titnens
1425 4785 1735 4856 iurattrentom,etpsts

125 4891 207 4948 gnaut
228 4897 233 4930 :
259 4891 322 4934 rtem
346 4878 463 4932 ltacreticl
477 4887 504 4932 et
515 4879 607 4946 pagani
624 4883 693 4928 tanta
708 4873 840 4928 uariorum
860 4874 908 4928 dn·
957 4879 1077 4944 sedulus,
1091 4890 1117 4935 eu
1131 4879 1211 4934 melle
1225 4878 1295 4946 anrd
1310 4876 1395 4932 boens
1418 4877 1445 4932 in
1471 4877 1541 4933 salto
1557 4878 1635 4943 sidit,
1662 4876 1733 4934 absti-

126 4977 443 5040 gmatumsacrorumque
460 4967 636 5026 dissonantia,
652 4978 704 5019 non
727 4962 828 5019 minora
843 4962 908 5018 sibi·
957 4972 1026 5025 nuit.
1053 4970 1182 5039 Praecepit
1210 4969 1335 5038 magister
1360 4969 1495 5039 egregius,
1521 4979 1551 5023 ut
1575 4969 1736 5039 quisquisls

126 5070 180 5116 met
194 5075 272 5129 qnam
290 5059 417 5114 scelesta
432 5058 501 5112 bella
521 5056 649 5111 tutorum.
666 5053 724 5109 llus
746 5063 784 5109 est
805 5064 905 5120 autem,
958 5073 1042 5129 agone
1066 5061 1127 5114 ltdei
1150 5059 1298 5122 couterrdir,
1313 5059 1347 5113 ab
1370 5058 1495 5113 omnibns
1507 5071 1538 5113 se
1552 5057 1644 5112 mundi
1658 5058 1734 5116 absti-

125 5150 219 5219 ineptit,
243 5147 360 5200 columba
375 5163 439 5212 meu,
461 5146 570 5215 perfectu
581 5162 636 5198 ntea
656 5144 767 5214 (Contio.
782 5146 838 5214 sul:
855 5161 906 5200 ona
958 5159 1021 5204 neat
1035 5149 1168 5205 illecebris
1184 5167 1190 5201 :
1206 5160 1232 5202 et
1250 5162 1300 5202 sno
1314 5157 1427 5201 caeteros
1441 5147 1593 5201 accendens
1609 5151 1734 5223 exemplo,

126 5251 166 5295 est
181 5239 259 5294 molti
276 5251 341 5301 sose,
358 5237 442 5292 electu
457 5235 577 5306 genitrici
591 5251 656 5298 sue,
673 5249 686 5286 a
701 5250 752 5304 utta
773 5234 906 5290 tonattran
957 5241 1070 5316 Corripe,
1082 5245 1178 5312 inquit,
1191 5258 1284 5310 corpur
1296 5257 1388 5306 summ,
1405 5252 1429 5295 et
1443 5242 1557 5296 scolteti
1568 5243 1697 5313 subjicio,
1710 5257 1737 5296 ιι

130 5330 218 5384 luctor
232 5329 276 5382 ille
291 5325 464 5391 fortissimus,
481 5335 509 5378 nt
527 5326 657 5379 columbas
678 5325 777 5379 donum
792 5340 905 5380 vocare·
958 5332 1023 5399 [ortu
1036 5333 1095 5386 ollis
1109 5332 1259 5399 predicans,
1274 5331 1328 5399 ipse
1345 5331 1466 5398 reprobus
1481 5329 1586 5399 efficior.
1602 5331 1663 5385 Siue
1676 5334 1737 5386 enias

126 5434 177 5484 rur,
194 5433 341 5489 cognomen
356 5417 460 5470 virtutis
475 5417 575 5484 accepit
587 5433 594 5478 ;
607 5416 685 5483 citius
700 5417 757 5483 paci
771 5427 905 5486 perpetue
957 5436 1016 5473 coro
1039 5421 1159 5478 adsersus
1182 5419 1351 5487 spiritumet
1369 5419 1473 5487 spiritus
1493 5421 1618 5475 aduersus
1641 5435 1738 5477 cernon

125 5511 203 5565 ctiam
220 5514 348 5565 malornm
361 5512 491 5567 discordia
507 5513 602 5567 serr-it.
620 5510 694 5566 llnde
708 5522 827 5581 sequntur
844 5528 851 5566 :
957 5510 1119 5578 concupiscat
1132 5507 1158 5579 (l
1171 5507 1230 5563 Cor.
1243 5507 1292 5574 ml,
1308 5509 1366 5562 sire
1379 5508 1519 5564 hacreticus
1531 5509 1675 5572 outsdteu,
1685 5509 1738 5567 sire

160 5600 213 5654 Sed
242 5612 265 5654 et
288 5601 390 5656 literni
410 5604 454 5672 put
474 5606 576 5675 {urrant
598 5619 654 5658 curu
675 5600 831 5657 Psilistlriim
853 5603 906 5657 len
957 5598 1063 5656 ludens
1076 5609 1122 5654 not
1136 5597 1242 5669 gentilis
1257 5595 1409 5654 Christiano
1422 5598 1603 5666 contradicat,
1622 5614 1670 5656 suo
1682 5596 1737 5672 qui·
