3794 6120
101 246 171 306 ilbi
439 242 550 303 SUPER
567 239 743 301 CANTlCUli
765 234 925 294 tltttrtctlc
944 235 1162 294 tttscotttct
1182 236 1374 295 extosttm.
1652 239 1731 293 teos·

99 362 148 418 sim
162 345 236 416 sexta
257 355 377 420 sabbati,
392 370 443 425 qua
458 355 553 412 eadem
569 355 658 425 passio
677 351 809 419 completa
823 355 884 416 est,
899 342 1070 416 diaetarum
1085 352 1112 408 ln
1128 352 1244 418 munda,
1259 366 1319 406 cum
1335 359 1362 407 et
1374 351 1459 419 lpstus
1472 350 1561 405 llomu
1571 367 1589 415 ι,
1605 352 1649 420 qni
1663 365 1721 420 pra-

99 451 169 506 solet
183 449 209 504 in
225 445 347 502 laudibus
367 445 506 500 matutinis
521 443 696 514 persingulas
707 439 887 496 hebdomadas
936 458 1043 513 sperum
1059 445 1109 501 iter
1125 443 1186 499 iacit
1201 443 1278 498 nabis
1293 443 1386 498 salinis
1400 451 1426 496 ct
1441 441 1511 508 vitre,
1527 441 1614 496 eritne
1629 453 1722 494 esrem

99 535 370 607 solentniterrepcti,
387 534 483 591 Sedet
499 535 691 591 incarnationis
716 532 819 599 ipsius,
845 544 887 586 te·
936 535 1031 590 mortis
1045 535 1078 589 de
1092 534 1202 590 mundo.
1227 533 1346 601 Timuit,
1369 533 1432 604 ania
1454 532 1488 588 de
1508 531 1724 588 tribulationibus

99 628 295 694 surrectionis,
314 638 342 684 et
357 626 525 682 ascensionis
540 626 567 680 iu
582 626 684 690 caelos,
705 623 766 678 ddei
782 636 888 690 quoqne
936 634 1090 680 sanctorum
1113 625 1308 697 querimoniam
1333 624 1416 691 lecit,
1437 623 1483 694 qui
1504 636 1557 678 non
1578 623 1665 678 ntlttm
1689 623 1724 678 de

61 727 65 735 “
98 722 241 793 gentium,
266 727 292 773 et
317 717 435 787 pertidia
459 716 611 770 iudeorum
632 715 745 783 mystice
760 709 888 767 describit
938 715 1152 771 tribulationibus
1166 714 1462 782 eruendiallontino,
1488 713 1535 768 sed
1556 721 1727 782 etperpctuo

98 820 236 865 eternum.
252 806 456 874 tlotrternplatus
472 804 543 860 enirn
561 803 688 875 propbeta
703 811 801 856 statum
818 815 887 870 pre·
936 814 998 858 snut
1010 805 1156 860 corortarrdi
1171 820 1232 861 cunr
1248 805 1374 860 Domina.

98 897 183 955 tentis
207 896 297 951 saculi
311 936 319 961 ,
342 895 443 950 rideret
466 908 558 964 pacem
581 902 749 964 peccatorum
769 902 794 946 et
817 890 887 945 a‘di·
972 895 1137 951 considerari
1148 912 1224 966 opera
1235 905 1280 950 tua
1293 904 1317 949 et
1331 895 1431 966 erpad.
1446 893 1492 950 llla
1504 893 1630 949 nimirum
1644 908 1725 962 opera

97 988 203 1044 ctioncs
217 986 376 1055 proborum,
394 985 498 1040 viderat
512 984 609 1054 impios
623 984 759 1038 alturnlare
775 981 885 1047 divitiis,
936 987 1032 1055 prtinus
1048 989 1174 1043 moenitum
1187 989 1301 1044 redemit
1316 989 1403 1042 saeros
1415 988 1547 1044 obediens
1559 987 1630 1042 Patri
1643 1000 1726 1056 usquin

99 1079 299 1134 etianncentes
324 1074 490 1146 quotidianis
509 1088 571 1131 esse
594 1073 730 1143 subjectos
754 1073 886 1143 asgotum
937 1079 970 1131 al
986 1091 1113 1145 mortem,
1128 1089 1240 1134 mortem
1255 1091 1343 1134 autem
1357 1079 1461 1134 coreb:
1481 1087 1529 1144 ut,
1544 1078 1614 1132 sicut
1628 1079 1724 1132 iteruin

98 1169 203 1225 viderat
216 1166 244 1223 in
264 1166 324 1222 laco
336 1165 430 1235 judicii
443 1165 621 1234 impietatem,
637 1175 663 1220 et
673 1166 698 1219 in
711 1166 768 1219 loeo
778 1166 888 1235 iustitie
939 1170 1008 1223 idem
1023 1169 1087 1225 dicit
1102 1170 1265 1241 Apostolus,
1280 1186 1324 1236 per
1335 1177 1439 1223 nrortenr
1453 1170 1591 1221 destrueret
1607 1183 1661 1220 een
1677 1165 1722 1232 pei

100 1258 285 1327 iniquitatem
302 1256 406 1312 rideret
421 1255 553 1328 lacrymat
565 1255 737 1311 innocentum
752 1265 779 1310 et
792 1269 888 1310 conso·
939 1259 988 1313 trad
1004 1261 1045 1314 bot
1057 1261 1143 1315 nortis
1153 1260 1298 1328 imperinm,
1308 1259 1388 1322 idest,
1398 1256 1529 1312 diabolum
1540 1256 1620 1325 (liet.
1630 1271 1660 1317 ιι,
1671 1251 1727 1324 tt).

101 1355 213 1406 laterem
229 1349 364 1406 neminem
379 1391 386 1416 .
404 1363 454 1404 nte
468 1362 550 1420 posse
566 1347 693 1403 tetltlete
713 1347 888 1402 calumniato-
939 1357 1003 1422 Qnar
1023 1352 1148 1408 riilelieet
1165 1367 1246 1421 opera
1261 1360 1361 1420 quamn
1379 1351 1439 1420 quis
1459 1347 1587 1404 intentius
1601 1345 1727 1402 conside·

99 1459 158 1497 rurn
174 1442 309 1497 violentiae
321 1450 333 1478 ¹
345 1452 505 1497 cunctorum
518 1440 618 1495 auxilio
629 1440 782 1495 destitutos.
795 1438 889 1494 Sciens
940 1454 997 1509 rat,
1021 1451 1095 1498 tnrrto
1110 1443 1143 1497 do
1159 1442 1286 1511 operibns
1299 1456 1356 1497 succ
1371 1437 1521 1511 fragilitatis
1535 1437 1649 1507 amplius
1663 1450 1728 1490 cou-

98 1534 283 1603 ouoquequod
294 1533 351 1587 brec
360 1543 387 1589 et
400 1531 554 1602 hujusmodi
566 1531 706 1595 innotuere
721 1543 888 1599 neorrnqnam
940 1536 1079 1592 prespicit,

97 1623 202 1692 ubsque
221 1623 312 1678 diuina
329 1622 484 1692 provisione
498 1622 648 1692 potuissent
661 1620 816 1686 accidere,b
831 1629 888 1676 tur·
979 1627 1010 1680 ln
1030 1625 1114 1681 medio
1134 1625 1243 1680 dearum
1258 1623 1408 1676 animalium
1422 1620 1572 1674 innotescet.
1596 1616 1686 1670 l‘otest
1701 1615 1727 1668 in

98 1715 176 1769 batus
192 1713 305 1769 multum
320 1713 411 1769 aalma
426 1722 453 1769 et
467 1711 561 1769 intimo
575 1727 607 1769 et
621 1714 704 1768 corde
713 1713 830 1783 grauiter
843 1727 889 1768 su·
942 1716 1030 1771 medio
1046 1709 1159 1771 duorum
1176 1712 1329 1768 animalium
1343 1712 1357 1748 l·
1373 1713 1399 1765 in
1421 1710 1509 1764 aredio
1525 1707 1607 1776 ttoyo
1620 1717 1646 1760 ct
1661 1705 1728 1759 Elim

99 1802 420 1873 spiransexclamauitad
435 1801 592 1858 bominum:
607 1800 756 1872 dacaeque,
770 1802 889 1872 Domine,
942 1807 1063 1875 irrtetttpt.
1091 1805 1128 1861 lbi
1151 1805 1222 1860 enirn
1241 1802 1429 1858 innotescebat
1447 1800 1585 1868 discipulis
1600 1798 1684 1852 trilnrs
1700 1801 1725 1850 in

98 1893 234 1960 clamaba,
250 1903 275 1947 et
296 1909 347 1948 nen
367 1892 509 1960 exauditu
523 1892 680 1963 vociferabor
693 1893 728 1947 ad
742 1902 766 1949 te
779 1895 829 1950 aim
841 1910 890 1965 pa·
941 1903 1137 1950 montesancto
1152 1894 1213 1962 quio
1228 1893 1373 1947 moriturus
1388 1900 1480 1949 esset.
1503 1889 1599 1943 dicens
1613 1889 1653 1942 eis
1668 1887 1728 1954 arria

98 1984 180 2050 tiene,
196 1992 219 2038 et
234 2000 285 2037 aon
298 1985 408 2039 calcabis
421 1983 503 2055 (llal.
520 2001 540 2049 ι,
554 1984 603 2055 2)l
622 1988 655 2041 tt
669 1989 782 2041 iterum:
798 1986 890 2042 dandi
940 1999 1068 2055 passuras
1090 1992 1161 2039 esset
1183 1984 1209 2039 in
1227 1981 1387 2037 lerusulem.
1410 1980 1447 2034 lbi
1473 1975 1655 2032 innotescebat
1668 1978 1729 2046 quia

96 2081 155 2126 rurrt
169 2073 238 2125 oculi
257 2073 306 2138 ιιι,
321 2089 354 2125 rre
368 2074 456 2128 uidear
468 2083 479 2112 ⁸
492 2075 585 2138 mala,
606 2086 630 2130 et
645 2075 771 2147 respicere
791 2077 825 2129 ad
838 2075 889 2130 ini·
940 2082 1109 2128 surrecturus
1125 2083 1216 2136 esset,
1243 2081 1270 2126 et
1291 2069 1451 2124 immortalis
1467 2069 1570 2121 licturus
1583 2067 1731 2121 elariiicntn

96 2166 219 2234 quitatem
242 2180 293 2216 nan
317 2172 399 2230 patet.
422 2164 509 2231 Quare
523 2182 574 2220 non
588 2165 693 2236 respicis
714 2182 790 2235 rrtpcr
803 2167 891 2237 iniqua
940 2165 1014 2221 vultu
1029 2162 1086 2234 ejus
1102 2166 1186 2219 itrstat
1200 2161 1276 2228 solit,
1292 2173 1320 2216 et
1334 2161 1499 2215 restituentis
1514 2158 1573 2229 cius
1585 2157 1732 2211 nitentibus

96 2262 209 2323 opertet,
220 2261 246 2307 et
256 2261 325 2305 lacer
338 2252 472 2308 devoranti
485 2254 565 2324 impia
573 2255 711 2323 justiorem
725 2271 762 2323 re,
774 2263 797 2309 et
811 2255 890 2322 [aeia
941 2255 968 2312 in
983 2255 1183 2311 sictrilitudinern
1200 2255 1278 2309 nivis.
1302 2253 1338 2307 lbi
1358 2252 1543 2306 innotescebat
1559 2249 1621 2318 unia
1647 2247 1731 2303 lilius

98 2343 211 2396 dominer
223 2344 295 2412 quari
313 2344 395 2413 piacet
414 2347 492 2398 nrarit
504 2354 528 2399 et
539 2346 614 2415 paesi
625 2345 718 2413 reptile
731 2362 782 2400 naa
795 2344 889 2402 babent
940 2344 986 2401 Dei
1002 2355 1071 2412 erat,
1086 2346 1192 2401 dicente
1205 2345 1237 2399 ad
1253 2360 1314 2399 cunt
1325 2344 1359 2399 de
1373 2343 1449 2399 coelis
1463 2356 1528 2396 racc
1540 2350 1665 2409 paterna:
1680 2338 1730 2393 llic

99 2431 238 2501 principem
255 2429 349 2504 (tlte,
364 2432 407 2499 lb,
421 2432 487 2504 tt)t
500 2432 620 2491 Verum*
633 2438 702 2490 inter
713 2436 771 2490 lraec
784 2436 891 2493 redusit
939 2447 976 2493 ert
991 2436 1074 2491 Filius
1090 2453 1158 2490 triens
1171 2439 1297 2499 dilectur,
1313 2436 1339 2488 ia
1355 2450 1406 2504 qna
1417 2432 1480 2486 mibi
1496 2433 1556 2486 lenc
1566 2428 1729 2499 cereptum,

97 2523 232 2591 srtcmplo
252 2521 285 2578 ad
311 2523 471 2579 memoriam
495 2524 724 2593 dispensationem
748 2525 890 2581 dominicae
940 2532 1024 2594 ipram
1037 2530 1125 2583 audite
1139 2527 1245 2596 (Martii.
1261 2543 1327 2586 ιιιι,
1344 2524 1382 2594 5).
1399 2526 1490 2579 Potest
1505 2522 1585 2577 etiam
1600 2523 1626 2575 iu
1642 2521 1731 2575 media

97 2611 293 2668 incorrutionis
308 2627 340 2667 ac
356 2613 510 2680 russinolo,
528 2627 608 2684 quam
624 2617 650 2668 in
664 2613 760 2685 spiritu
776 2617 891 2686 propbe-
940 2619 1054 2672 duorum
1070 2619 1202 2671 latronum
1226 2632 1279 2670 tt==tt
1294 2613 1518 2670 inconvenienter
1538 2610 1643 2680 accipi,
1662 2610 1732 2665 iuter

102 2702 146 2759 tiae
158 2710 331 2773 cognoverat,
346 2705 532 2775 intellexitque
546 2719 576 2760 te
600 2706 689 2761 acrius
702 2706 788 2760 multo
808 2720 888 2774 quam
940 2722 1008 2777 quos
1027 2707 1171 2763 crncidrus
1191 2704 1332 2761 moriendo
1346 2704 1552 2768 innotescebat,
1571 2703 1632 2773 quia
1649 2704 1730 2758 lromu

98 2800 258 2862 ·oporteret
268 2802 391 2863 questum
402 2793 525 2850 luissede
537 2793 730 2850 afflictionibus
739 2797 765 2850 ln
775 2794 825 2850 ltac
836 2796 889 2851 rita
940 2806 1008 2850 erat.
1022 2792 1031 2832 ¹
1045 2795 1192 2850 obscurato
1206 2801 1293 2846 arctant
1309 2793 1378 2861 sole,
1395 2800 1466 2847 terra
1480 2803 1625 2856 camarata,
1639 2800 1667 2845 et
1680 2805 1732 2846 ce·

97 2893 263 2951 sanctorum,
278 2884 377 2953 ortibus
393 2895 494 2940 :eterna
507 2896 582 2941 esset
597 2885 728 2954 promissa
743 2884 850 2956 requies
861 2886 889 2943 in
941 2887 1007 2940 teris
1020 2901 1080 2954 quae
1094 2884 1266 2954 Euangeliotn
1283 2882 1455 2939 narratcirca
1466 2896 1574 2937 crucem
1590 2880 1668 2936 lactis
1681 2883 1733 2937 ml·

101 2978 207 3045 lutura,
221 2992 281 3035 cum
297 2976 370 3034 ttec‘
386 2980 445 3050 ipse
459 2977 506 3035 Ilei
523 2978 608 3034 Filius
623 2979 650 3034 ln
663 2993 744 3036 carae
758 2993 889 3051 apparent
943 2976 1065 3039 taeniis,
1090 2974 1276 3031 innotescebat
1287 2974 1348 3044 quta
1366 2973 1437 3028 beas
1450 2981 1518 3028 erat.
1533 2972 1733 3042 interpellando

99 3068 158 3123 sine
173 3083 252 3140 poena
266 3070 355 3124 crucis
368 3077 442 3125 esset
459 3070 583 3125 exiturus
606 3073 640 3125 de
662 3070 780 3134 mttttdtt,
798 3071 842 3140 qrri
857 3070 891 3124 de
945 3070 1001 3136 ipse
1012 3066 1118 3122 Patrem
1134 3081 1183 3137 pro
1197 3064 1414 3121 interlectoribus
1429 3065 1485 3119 suis
1499 3105 1506 3129 ,
1522 3079 1601 3134 quatu
1615 3065 1675 3133 pins
1685 3079 1732 3120 et·

99 3159 202 3230 Spiritu
214 3168 306 3215 sancto
319 3158 468 3230 acllirpine
479 3170 566 3215 matre
579 3160 739 3228 nesciturus,
751 3168 779 3214 et
791 3160 892 3230 absque
941 3164 983 3210 set
998 3153 1191 3210 innotescebat.
1211 3152 1272 3222 Qtto
1292 3152 1374 3208 etlam
1397 3153 1521 3221 ttetttnlo
1537 3151 1669 3223 propbeta
1685 3152 1732 3222 atti

99 3251 172 3306 omni
187 3262 297 3320 peccata
312 3262 370 3306 crat
384 3253 504 3306 victurus
521 3253 546 3305 in
564 3251 685 3320 mundo,
707 3259 734 3305 et
749 3264 798 3321 pro
812 3250 890 3321 igno.
942 3244 993 3299 ltoc
1008 3243 1172 3313 previdebat
1187 3243 1214 3299 in
1233 3243 1330 3313 spiritu
1355 3241 1549 3298 admonebatur
1571 3258 1625 3297 non
1644 3243 1733 3297 salam

101 3342 250 3397 rationibus
271 3343 328 3398 suis
348 3341 450 3399 lacicns
464 3340 616 3398 arationem
632 3340 768 3407 Ilomino,
789 3341 829 3398 sic
848 3340 890 3397 iu·
944 3332 1531 3405 lt²¹l0¹¹¹t⁸ll10⁸⁸⁰l⁸⁸50¹¹0ffl⁸l⁰¹¹¹¹¹b⁸0tl
1546 3343 1572 3389 0¹
1586 3333 1625 3388 01⁸
1640 3345 1734 3400 lem·

99 3433 175 3502 cipit.
941 3425 1083 3496 questibus
1097 3425 1212 3498 gratiam
1224 3439 1282 3481 sua
1296 3423 1467 3496 benignitatis
1480 3424 1645 3491 impendere.

136 3524 261 3594 mmm,
273 3525 360 3580 “lilii
372 3533 385 3572 ⁸
396 3523 514 3578 “tillim
529 3531 599 3576 illm
624 3528 648 3575 θ*
671 3521 755 3574 llmll·
778 3518 892 3575 bullum
977 3531 1046 3587 burra
1057 3533 1264 3604 appropiaverint
1274 3533 1337 3587 anni
1347 3514 1516 3603 eapnarcerlr,
1529 3531 1590 3585 darn
1603 3532 1733 3587 advenerit

102 3626 191 3673 tutent
209 3615 314 3670 Domitii
330 3614 479 3672 salvatoris
493 3621 535 3670 esi
554 3625 634 3683 qllelll
655 3610 757 3665 andilli
775 3623 791 3663 8
813 3608 892 3666 palie
941 3633 1041 3693 20me
1055 3624 1206 3680 omnam,
1223 3625 1315 3679 Apum
1329 3621 1610 3693 ettpmpusdesissnpl
1623 3619 1688 3677 illud
1698 3619 1732 3676 de

102 3716 131 3762 ut
146 3708 247 3762 reniret
261 3706 287 3761 in
301 3720 422 3772 taetram,
439 3714 595 3762 nasceretur
610 3703 638 3758 in
659 3702 804 3763 arandum,
827 3717 892 3756 coo·
942 3729 994 3783 quo
1009 3713 1074 3769 ,pop
1088 3713 1250 3783 Apostolum
1269 3712 1408 3782 pappum
1418 3714 1625 3783 „sumnum
1636 3722 1734 3782 amp..

102 3805 258 3855 remoretur
272 3797 342 3854 inter
357 3798 479 3853 iudrtnas
498 3797 694 3865 omnipotens,
710 3797 780 3849 inter
795 3807 890 3861 pecca·
941 3802 988 3868 m,
1004 3802 1071 3855 miste
1083 3801 1153 3856 dene
1166 3800 1261 3855 Filium
1271 3816 1346 3854 raam
1359 3802 1455 3870 tactam
1464 3816 1497 3856 er
1510 3802 1626 3867 muliere,
1638 3806 1735 3871 facturn

107 3899 178 3945 tores
190 3891 291 3960 iustus,
309 3887 381 3944 inter
394 3889 516 3943 hemines
531 3886 613 3956 Deus,
629 3885 729 3940 iaceret
742 3898 822 3954 opera
833 3898 892 3941 cte·
942 3893 988 3945 ent
1003 3891 1067 3961 depe,
1077 3900 1105 3945 ιιι
1115 3906 1157 3946 ear
1166 3891 1209 3962 pari
1221 3891 1267 3945 sai
1278 3891 1334 3961 depe
1342 3898 1414 3944 eant
1426 3890 1561 3944 redimeret
1570 3888 1640 3961 (Gal.
1651 3905 1687 3954 tr,
1695 3889 1736 3961 l).

108 3983 196 4051 lestis,
212 3982 322 4037 doceret
336 3992 466 4050 praecepta
480 3981 620 4049 creterris,
639 3979 808 4050 promitteret
822 3978 891 4034 dona
943 3984 1007 4050 Qus
1022 3982 1144 4038 uidelicet
1159 3991 1278 4050 temporo
1293 4023 1301 4048 ,
1316 3995 1438 4051 quosque
1458 3995 1543 4035 arrnos
1556 3982 1634 4052 longe
1645 3982 1734 4036 tdlruc

104 4073 235 4137 coelsstio,
251 4081 416 4139 tentaretur,
433 4072 625 4143 tegebantur,
642 4071 809 4138 irrideretur,
822 4070 893 4127 occi-
943 4074 1010 4129 rirllt
1023 4088 1085 4130 esee
1100 4082 1206 4144 atqtrea
1223 4074 1302 4144 longe
1315 4074 1440 4128 salutarit
1461 4075 1609 4142 propbeta,
1621 4087 1681 4126 euro
1697 4074 1736 4126 tit

102 4165 228 4229 deretur,
243 4178 317 4219 tuors
330 4173 422 4218 nostra
438 4175 526 4218 rnorte
539 4162 612 4225 illius
626 4162 825 4229 destrueretnr;
850 4177 892 4216 re·
944 4165 1004 4235 quia
1021 4166 1083 4220 dum
1099 4165 1290 4235 appropiarent
1301 4165 1375 4232 tuni,
1387 4164 1505 4234 dumque
1519 4163 1657 4218 advertiret
1668 4174 1737 4219 tetrr·

104 4267 217 4323 surgens
242 4268 258 4307 a
280 4253 391 4309 mortuis
410 4254 567 4310 ascettderet
583 4255 610 4308 in
629 4253 734 4319 coelos,
760 4268 791 4306 ac
812 4253 894 4307 misso
944 4269 1016 4324 pus,
1033 4255 1221 4310 ostenderetur
1236 4264 1264 4310 et
1278 4265 1488 4324 cognosceretur
1508 4254 1646 4309 biritrinut.
1669 4253 1734 4308 Nara

106 4347 223 4414 desuper
236 4343 335 4413 Spiritu
351 4347 478 4401 mumdum
495 4345 577 4413 pratia
598 4344 719 4400 veritatis
733 4344 888 4399 illustraret.
905 4356 972 4433 „et
986 4347 1110 4414 superius
1122 4346 1234 4412 audiris,
1245 4346 1352 4401 dicente
1363 4346 1413 4400 sibi
1431 4345 1559 4399 bactriae:
1573 4346 1640 4409 Quia
1652 4345 1736 4399 aeine

104 4433 188 4504 Cujus
202 4433 310 4490 auditus
325 4436 383 4505 ipse
395 4437 491 4505 sepius
507 4437 533 4490 in
555 4434 699 4505 Evangelio
712 4433 835 4490 meminit
848 4434 892 4488 di·
945 4439 1014 4493 naar
1026 4438 1118 4508 procul
1136 4447 1160 4492 et
1173 4437 1305 4510 apparebit
1324 4438 1350 4490 in
1364 4438 1441 4504 finem
1453 4477 1461 4499 ,
1475 4446 1498 4490 et
1512 4453 1563 4490 nan
1579 4438 1735 4502 mentietur,

104 4541 187 4583 cens:
205 4527 258 4584 Sed
271 4529 315 4598 qai
334 4529 403 4581 mitit
422 4542 461 4581 rne
475 4543 550 4582 aerae
564 4539 612 4593 ert,
625 4535 649 4582 et
666 4543 713 4598 epo
733 4541 791 4596 pree
807 4526 895 4581 audiri
945 4529 969 4583 ri
984 4544 1081 4584 rnorem
1096 4530 1183 4599 fecerit
1195 4539 1313 4598 exspecta
1327 4543 1406 4592 earm,
1424 4528 1484 4598 prtia
1502 4529 1603 4582 nentem
1617 4527 1698 4583 reniet
1709 4536 1736 4583 et

106 4621 137 4675 ai
147 4637 185 4688 ea,
199 4622 246 4676 bac
257 4623 347 4691 lcaaar
356 4622 383 4676 ia
396 4620 491 4675 mundo
503 4619 593 4688 (toan.
602 4635 659 4684 ιιιι,
668 4619 725 4690 to).
738 4618 893 4675 Etiterunr:
947 4637 998 4675 nan
1012 4621 1121 4676 tardent
1135 4620 1249 4690 (idaiae.
1267 4635 1296 4686 ιι,
1308 4617 1350 4690 b).
1364 4619 1446 4688 Cujus
1460 4617 1569 4688 quidem
1588 4618 1596 4669 l
1613 4619 1733 4673 auditum

109 4710 161 4766 l'or
172 4721 256 4766 autern
270 4713 325 4767 diei
339 4712 452 4778 amicat,
466 4711 528 4782 qnia
542 4711 627 4764 mania
639 4724 796 4779 amenaque
808 4709 896 4765 aediti
946 4712 1057 4768 audieus
1071 4752 1079 4779 ,
1092 4714 1167 4783 cuijus
1186 4727 1268 4782 opera
1283 4713 1416 4782 pastionis
1435 4711 1629 4775 considerans,
1647 4711 1737 4766 timuit

107 4802 217 4858 al’atre
229 4821 284 4859 mea
295 4816 355 4860 neta
369 4805 418 4874 feci
429 4805 498 4859 entis
513 4801 602 4875 (leun.
620 4817 664 4866 tr,
682 4800 737 4871 15).
752 4800 855 4870 beotia
868 4810 896 4857 et
947 4810 975 4858 ct
996 4803 1123 4870 expavit,
1147 4802 1209 4872 quia
1233 4811 1385 4858 commotus
1406 4799 1419 4840 ¹
1436 4801 1524 4857 iuerat
1547 4801 1582 4856 de
1607 4799 1737 4856 lelicitate

106 4892 224 4950 ioarrnes
239 4894 373 4964 Baptista:
390 4893 442 4958 Oai
460 4893 491 4949 de
508 4893 571 4948 ceto
590 4891 678 4957 uenit,
699 4891 804 4962 inquit,
820 4906 897 4963 reper
948 4893 1098 4949 traantcrla
1115 4894 1246 4949 malarum
1261 4893 1337 4949 etde
1359 4893 1499 4963 terripuruli
1520 4888 1666 4945 afflictione
1688 4890 1736 4945 bc·

107 5003 194 5042 οιιιιιιι
205 4995 259 5053 ιιι,
278 4995 302 5040 ιι
318 4986 387 5056 quad
401 4986 464 5039 uidit
478 4995 501 5041 et
513 4984 610 5040 aedicit
624 4984 672 5037 bac
686 4991 793 5037 testatur
805 4980 894 5052 (leae.
948 4997 1053 5039 noram.
1075 4984 1198 5039 Attamen
1213 4991 1243 5039 ut
1264 4984 1369 5054 dignam
1384 4998 1432 5053 pro
1446 4983 1504 5037 suls
1524 4979 1735 5050 ignorationibus

107 5093 149 5146 ιιι,
164 5079 222 5144 51).
238 5079 312 5134 llunc
324 5094 389 5150 erga
403 5080 521 5135 auditum
534 5077 639 5134 llomini
650 5076 750 5133 audivit
764 5076 791 5131 in
801 5076 897 5146 spiritu
949 5075 1133 5147 penitentiam
1150 5077 1266 5155 lecisset,
1283 5092 1343 5131 rnox
1359 5091 1389 5132 se
1405 5075 1509 5130 serrium
1520 5080 1624 5126 erratus
1639 5086 1734 5126 corrm-

108 5170 250 5242 prophta,
263 5179 291 5226 et
306 5169 404 5238 timuit,
421 5170 482 5241 quia
498 5178 608 5240 questus
623 5168 703 5224 inerit
715 5167 750 5223 de
765 5167 898 5238 pressuris
948 5168 994 5238 qul
1010 5166 1216 5238 passeconbsttt
1228 5177 1279 5223 est.
1296 5167 1371 5222 Unde
1384 5171 1579 5234 corneqneater
1593 5163 1730 5232 adpropit:

144 5295 157 5323 ⁸
173 5287 227 5350 tt..
243 5287 369 5340 eniterent
985 5280 1068 5344 tdl,
1085 5278 1252 5333 auditionem.

145 5355 227 5421 lbi,
242 5355 365 5409 tardatur.
986 5348 998 5387 ¹·
1015 5350 1057 5407 ΑΙ.
1072 5352 1147 5403 deest
1160 5349 1188 5402 t'ra
1202 5346 1294 5402 medie.

145 5435 157 5464 θ
174 5424 229 5490 ΑΙ.,
242 5425 348 5478 malunt.
988 5416 995 5456 ¹
1013 5423 1067 5481 tt..
1082 5418 1196 5471 abscnra.

144 5494 157 5532 ἃ
174 5497 229 5556 di,
244 5495 271 5547 in
285 5505 365 5549 terrae
378 5495 466 5550 ederit
479 5493 525 5548 ιιι
539 5491 666 5562 eaentpla.
987 5491 994 5536 l
1015 5490 1070 5552 nb,
1084 5489 1240 5539 mtrndaturn.

146 5563 227 5629 'dl.,
244 5573 353 5629 oportet.
987 5559 996 5594 i
1013 5557 1067 5622 tlt,
1082 5557 1169 5624 luerit.

148 5630 157 5670 ¹
174 5632 227 5695 Ab,
243 5634 308 5700 t'prtr.
