3794 6120
119 278 172 338 73)
394 273 493 331 udo-E
514 269 737 327 tudertduttts
759 263 898 322 deducu
920 261 1010 319 uatis
1029 259 1060 315 ll.
1093 290 1129 302 —
1149 261 1341 318 exscertus
1361 254 1522 318 ueadts's.
1692 268 1746 324 tto

119 391 240 448 tientiarn
254 388 398 452 describat,
421 386 446 441 in
458 383 616 454 quibusdam
637 381 735 437 collata
754 377 905 433 lrornin'durs
920 372 945 432 Δ
958 371 984 425 iu
998 387 1080 442 opere
1091 374 1315 442 templiauxiliunr
1326 375 1360 429 ab
1372 374 1547 446 iliram,quia
1557 392 1620 434 cum
1635 381 1750 439 ueniens

120 477 402 553 angelorumaurilia,
427 477 452 530 in
467 473 625 545 quibusdam
654 479 820 527 remunerata
847 482 906 523 curn
960 463 1076 518 incarne
1101 462 1229 518 Dominus
1250 464 1377 518 dilectam
1401 463 1451 517 sibi
1475 463 1597 534 domum,
1622 467 1751 528 uidelicet

122 571 224 640 angelis
244 569 380 623 bominum
409 564 555 621 certamina
577 562 753 618 demonstret.
782 558 909 627 iic-signat
962 551 1674 621 Ecclesiam,udiicuredisponeret,nondeludaeis
1690 572 1750 618 tan·

120 662 243 720 eamdem
258 661 366 714 domum
386 657 490 712 [lumini
518 654 693 726 spiritualem,
714 655 793 706 etiam
820 651 908 703 taber·
961 643 1108 710 tummodo,
1124 646 1306 698 verumetiam
1320 644 1490 712 degentibus
1504 646 1750 720 adiutoresoperis

123 755 246 809 naculum
276 752 410 822 quondam
445 751 544 803 lactum
572 749 598 802 in
627 761 718 801 eremo
737 759 784 812 per
799 742 907 812 lloysen
960 734 1050 804 clegit.
1070 735 1134 789 Nam
1155 736 1426 805 deutroquepopulo
1451 740 1590 795 ministros
1613 745 1750 802 sermonis

123 845 223 916 (Ksed.
241 845 320 912 xxv).
339 843 437 898 lerum
454 842 514 912 quia
531 840 574 894 illa
589 838 684 894 dorrrus
699 838 724 890 in
740 837 844 898 itinere,
857 846 910 901 quo
960 826 1113 894 asumpsit.
1130 825 1200 880 llicit
1212 825 1305 881 Hiram
1318 820 1451 881 Salomoni
1463 832 1575 899 proeeisa
1597 832 1631 886 de
1651 833 1752 891 triers

123 937 156 991 ad
173 945 271 991 terram
296 932 513 1003 repromissionis
536 928 707 993 veniebatur,
735 925 795 980 bec
819 932 910 977 autem
961 911 1032 983 liguo
1045 916 1148 969 cedrini
1166 925 1190 969 et
1210 916 1333 987 allecia,
1353 919 1564 987 uttoeittdemttet
1579 919 1690 977 Daatiar'
1705 940 1752 994 pe·

124 1027 305 1084 aedisscabatur
320 1028 346 1081 in
360 1027 416 1094 ipsa
434 1033 505 1080 terra
525 1019 740 1091 repromissionis
763 1026 790 1071 et
806 1017 831 1069 in
846 1014 911 1070 ciri·
961 1016 1091 1071 ansatur,
1107 1008 1167 1075 (1¹¹1a
1182 1021 1309 1062 ⁰⁰¹¹lel⁸²
1324 1008 1457 1076 lellffil'l‘
1473 1011 1545 1064 ”llil
1554 1013 1587 1065 ²1¹
1603 1010 1752 1072 ὓθωῑῦΰῐΰ

125 1131 178 1174 tate
190 1119 354 1180 ierusalcn13
372 1115 436 1169 illud
452 1124 481 1168 ut
499 1112 532 1167 de
557 1112 617 1166 loco
641 1109 675 1164 ad
702 1108 788 1162 locuta
814 1105 910 1159 erebro
961 1097 1033 1151 uiros
1046 1099 1178 1166 i⁰⁰¹¹¹l³ffi
1192 1098 1433 1167 lsssae⁰⁰¹⁰⁰¹²l082
1447 1103 1493 1156 8θᾶ
1505 1104 1753 1169 δθῦΰῐὶιὶθῐιῑῑῐιίω

125 1210 276 1265 levitarum
292 1204 441 1260 nrirdsterio
457 1204 629 1271 deportatum
645 1198 751 1254 tandem
768 1197 793 1250 in
808 1205 908 1252 terram
962 1188 1152 1258 increpationis
1166 1189 1200 1245 de
1212 1203 1303 1245 monte
1320 1205 1375 1246 sue
1389 1192 1523 1260 superbiae
1550 1195 1606 1263 jam
1631 1197 1753 1268 dejectos

125 1299 263 1370 promissae
277 1294 442 1350 hereditatis
468 1293 650 1353 induceretur,
678 1289 735 1341 trec
750 1293 779 1339 nt
802 1299 862 1338 nior
885 1285 911 1338 in
962 1294 989 1340 ιι
1002 1284 1170 1350 humiliatos,
1187 1284 1232 1353 qui
1247 1285 1280 1338 ad
1299 1299 1421 1339 normam
1452 1289 1617 1359 evangelicae
1629 1293 1754 1349 ueritatis

125 1389 210 1458 patria
228 1389 285 1457 ipsa
300 1394 328 1441 et
356 1385 464 1440 ciuitate
492 1383 564 1450 regia
589 1387 743 1433 constructa
766 1374 913 1428 inuiolabili
963 1373 1089 1440 instituti,
1101 1375 1127 1427 in
1142 1374 1254 1428 :edillcio
1268 1373 1397 1430 Ecclesiae
1409 1382 1752 1448 prosuoquoquemcrito,

125 1493 233 1547 semper
247 1477 420 1531 fundamento
433 1474 604 1535 consisteret,
626 1471 712 1523 ilonec
725 1465 837 1521 inditum
861 1465 912 1520 sibi
964 1465 1007 1519 rel
1021 1475 1140 1534 tempore
1151 1463 1325 1521 collocantur.
1343 1466 1414 1520 llicit
1429 1484 1529 1536 quoque
1542 1471 1674 1539 artifices,
1688 1474 1753 1542 quia

128 1569 274 1639 ligurarum
289 1566 439 1622 coelestium
455 1578 551 1618 munus
566 1559 808 1630 impleret;potest
829 1557 855 1610 in
869 1555 912 1610 illa
964 1569 1107 1610 corruersos
1130 1558 1268 1612 adseram
1297 1557 1456 1626 sapientiam
1487 1560 1678 1632 philosophos,
1704 1565 1753 1636 qui

129 1659 268 1730 presentis
285 1656 413 1712 Ecclesiae
436 1654 511 1709 labor
525 1662 551 1707 et
564 1651 697 1717 exsilium,
714 1649 739 1703 ia
753 1647 804 1703 hac
826 1647 912 1702 lutura
965 1644 1049 1714 gratia
1064 1643 1223 1699 eruditionis
1236 1644 1340 1716 populis
1355 1661 1461 1717 quoque
1477 1650 1601 1719 regendis
1609 1651 1669 1721 jure
1682 1668 1753 1722 pra·

126 1751 235 1820 requies
247 1758 274 1804 et
288 1746 425 1803 beatitudo
441 1742 560 1814 ligurari.
585 1741 633 1796 Vel
648 1751 722 1796 certe
743 1739 804 1810 quia
818 1753 833 1792 a
848 1738 912 1792 solis
929 1713 952 1771 Β
966 1746 1143 1806 ponerentur,
1172 1737 1283 1791 Domino
1298 1737 1433 1807 gentilitas
1446 1738 1553 1796 obtulit.
1581 1741 1673 1810 Qualis
1687 1745 1752 1814 ipsis

125 1838 282 1896 dliislsrael
310 1838 366 1902 illa,
383 1837 440 1891 lucc
466 1841 555 1888 autem
576 1847 590 1887 a
616 1830 759 1901 proselytis
782 1830 862 1884 etiam
886 1837 914 1884 ιι
965 1827 1147 1896 apostolorum
1157 1827 1320 1897 temporibus
1331 1826 1753 1902 lliongsiusdreopagita,qualis

126 1931 250 2002 gentibus
263 1932 329 1984 laeta
340 1936 393 1997 est,
410 1934 521 1996 possunt
533 1924 559 1979 iu
572 1924 617 1979 illa
629 1921 812 1993 principaliter
825 1929 913 1989 patres
965 1916 1091 1986 deinceps
1104 1915 1197 1971 doctor
1207 1918 1298 1972 suavis
1308 1927 1335 1973 et
1349 1918 1512 1975 fortissimus
1523 1933 1628 1993 martyr
1643 1923 1753 1993 Cypria·

127 2022 225 2079 ueteris
246 2019 408 2085 testamenti,
424 2027 450 2072 et
466 2018 590 2087 antiquus
614 2015 659 2070 ille
675 2014 721 2068 [lei
738 2013 869 2082 populus,
885 2013 912 2066 iu
967 2022 1025 2070 nus,
1039 2005 1137 2073 aliique
1150 2005 1351 2074 quamplurimi.
1367 2002 1439 2060 llisit
1463 2016 1487 2059 et
1511 2023 1621 2077 eurum,
1637 2012 1710 2081 quod
1727 2010 1752 2071 ie

128 2115 181 2169 irae
193 2121 282 2167 autem
299 2117 459 2178 congregem
474 2110 507 2162 de
524 2105 648 2176 gentibus
662 2103 781 2159 Ecclesia
797 2100 913 2172 ligurali-
966 2096 1060 2152 eadem
1074 2096 1266 2166 signiticatioue
1286 2097 1429 2165 accipitur,
1451 2097 1512 2166 quia
1526 2099 1657 2156 nimirum
1682 2103 1751 2160 riras

130 2214 172 2260 ge,
197 2201 321 2268 exprimi,
349 2199 475 2268 Quamvis
501 2197 643 2255 aegqupum
666 2195 805 2266 utriusque
819 2193 915 2249 domus
966 2189 1097 2257 sapientia
1109 2189 1199 2242 claros
1210 2188 1339 2244 ostendit.
1352 2187 1404 2243 Pro
1417 2189 1514 2259 quibus
1524 2192 1632 2249 cunctis
1643 2193 1752 2252 oblatio·

128 2293 297 2350 enucleatius
312 2291 443 2361 spirituali
465 2305 546 2346 sensu
573 2290 743 2357 discussum,
767 2296 796 2344 et
810 2287 916 2342 labores
967 2277 1045 2333 nilide
1057 2278 1219 2348 gentilitasa
1234 2277 1347 2334 Domino
1362 2291 1502 2350 exspectat
1511 2282 1582 2337 dona
1593 2286 1688 2355 gratia
1699 2301 1752 2344 οω-

131 2383 270 2454 praesentis
285 2383 412 2439 Ecclesiae
429 2381 607 2451 quotidianos,
624 2387 651 2435 ιι
665 2379 774 2449 praenota
786 2377 814 2431 in
827 2377 916 2432 tuturo
968 2369 1051 2436 lestis,
1064 2367 1180 2423 triticum
1189 2367 1396 2425 vilelicetrerbi
1407 2370 1464 2438 liei,
1480 2372 1607 2428 etoleum
1618 2373 1753 2433 eharitatis

129 2478 267 2550 pererrata,
280 2476 429 2546 gaudiaque
455 2473 529 2543 regni
552 2471 681 2537 caelestis,
704 2479 733 2526 et
752 2471 915 2526 electionem
967 2469 1048 2532 atque
1061 2462 1206 2528 unctionis,
1222 2471 1251 2517 et
1274 2462 1498 2520 illuminationem
1513 2465 1633 2535 Spiritus
1659 2473 1752 2529 sancti.

129 2572 225 2640 prime
240 2569 274 2624 de
288 2566 370 2623 lsrael
392 2566 528 2633 Ecclesia,
542 2573 568 2620 et
582 2564 693 2619 salutern
718 2564 838 2618 omnium
851 2578 916 2633 gen·
967 2555 1099 2611 Conveni!
1121 2564 1210 2610 autem
1236 2564 1298 2624 aliie
1320 2556 1399 2612 rebus
1413 2556 1541 2614 Eccleslae
1553 2559 1627 2630 quod
1640 2561 1667 2617 ie
1679 2563 1755 2620 ausi·

132 2659 197 2714 tiurn
213 2658 239 2713 in
250 2658 356 2712 Cbristo
364 2654 528 2711 multimodis
541 2654 688 2710 ostenditur
701 2653 836 2709 insinuare
848 2654 916 2724 lugu·
967 2646 1032 2702 litun
1046 2646 1136 2716 operis
1146 2648 1230 2701 sancti
1242 2645 1392 2716 flagitanter
1400 2647 1438 2701 ait
1451 2646 1484 2701 ad
1498 2646 1591 2704 iliram
1603 2649 1730 2707 salomon
1743 2670 1750 2707 ς

130 2748 179 2803 ris.
196 2746 345 2802 Tractaturi
359 2746 447 2816 igitur,
463 2745 571 2815 jururrte
585 2744 714 2809 liontino,
742 2743 777 2799 de
802 2743 918 2800 aedilrea·
969 2732 1087 2808 Precipe
1097 2737 1176 2807 igitur
1186 2744 1212 2789 ut
1227 2734 1367 2803 precidem
1382 2736 1443 2790 milri
1454 2737 1544 2793 cedros
1558 2739 1592 2795 de
1605 2738 1716 2808 Liimo,
1730 2752 1754 2799 et

133 2839 206 2893 tione
222 2837 325 2905 tempii,
353 2844 380 2891 et
404 2835 431 2891 iu
455 2843 587 2889 structura
600 2835 732 2890 materiali
745 2834 916 2906 spiritualem
969 2830 1034 2886 terri
1059 2829 1107 2884 mei
1121 2830 1172 2883 siat
1194 2844 1252 2882 cunr
1266 2829 1343 2883 mair
1365 2828 1425 2883 tuis.
1441 2829 1518 2885 Serri
1534 2832 1636 2904 quippe
1653 2834 1754 2901 iliram.

133 2929 181 2986 liei
195 2929 359 2984 mansionem
385 2927 539 2997 quaesituri,
568 2935 746 2996 opportunum
770 2926 874 2983 ridetur
889 2938 918 2983 ut
969 2925 1014 2996 qui
1028 2924 1205 2995 praecidebant
1219 2921 1356 2979 Salomoni
1366 2925 1461 2981 cedros
1480 2926 1515 2981 de
1531 2925 1651 2997 Libano,
1663 2929 1757 2987 docto·

132 3018 219 3088 primo
234 3017 269 3072 de
279 3015 408 3085 operariis
419 3015 494 3084 ejus,
506 3016 549 3085 qui
563 3021 592 3070 ιι
605 3015 674 3070 unde
700 3014 807 3081 luerint,
835 3016 914 3071 simul
970 3030 1013 3073 res
1023 3014 1172 3071 suntelecti
1187 3014 1222 3069 de
1236 3013 1368 3083 gentibus,
1380 3030 1493 3084 quorum
1508 3017 1629 3073 osticium
1643 3030 1698 3089 est,
1710 3035 1756 3076 eos

133 3108 206 3163 etde
220 3106 277 3178 ipsa
290 3107 400 3161 materia
415 3103 485 3160 unde
500 3104 597 3160 lactum
613 3113 666 3169 est,
680 3104 766 3174 aliqua
782 3104 913 3162 dicamus.
969 3109 1056 3180 quiin
1087 3107 1138 3163 boc
1170 3107 1269 3162 mundo
1284 3107 1364 3163 rebus
1387 3117 1415 3164 et
1435 3108 1520 3180 gloria
1536 3110 1754 3180 laetabantur,a

133 3198 200 3253 Nam
225 3207 252 3252 ct
273 3197 330 3252 lruc
342 3194 524 3265 spiritualibus
546 3193 653 3265 gravida
667 3209 728 3250 csse
740 3199 918 3250 sacrarneutis
968 3198 1099 3269 superbiae
1115 3198 1183 3253 tastu
1207 3197 1365 3268 corrigendo
1386 3206 1520 3266 sternere,
1535 3209 1620 3271 atque
1631 3202 1665 3257 ad
1681 3205 1751 3259 obse·

137 3299 248 3345 testatur
262 3288 414 3356 throstolus,
429 3286 473 3353 qui
484 3285 532 3351 ait,
550 3285 641 3339 θιιιιιὶιι
651 3285 677 3339 r‘n
690 3287 776 3356 figure
787 3287 917 3356 continge·
968 3293 1058 3361 quium
1071 3290 1112 3344 eui
1127 3289 1312 3359 Redemptoris
1329 3303 1421 3345 eorum
1441 3300 1502 3346 rota
1516 3291 1677 3349 naualem.
1690 3295 1748 3350 Cum

135 3384 193 3436 uam
203 3381 266 3446 dtu,
278 3379 372 3449 scriptu
383 3387 440 3432 eunt
454 3387 540 3431 eurem
554 3387 655 3447 propter
666 3393 711 3431 aor
723 3376 750 3446 (l
766 3369 829 3432 Cor.
842 3376 880 3446 x).
968 3384 1063 3455 quibus
1083 3383 1206 3438 uidelicet
1226 3382 1310 3438 serris
1323 3390 1400 3437 eraut
1413 3392 1440 3437 ct
1453 3385 1524 3439 serri
1538 3382 1710 3451 Salomonis,
1724 3400 1749 3441 ae

446 3466 558 3522 CAPUT
573 3467 604 3524 ll.
969 3476 1070 3546 pariter
1090 3482 1239 3530 memorato
1258 3473 1392 3528 instabant
1405 3474 1499 3543 operi;
1517 3474 1578 3545 quia
1592 3474 1672 3544 primi
1686 3475 1747 3531 doe·

171 3563 303 3630 Qv⁰⁰¹⁰d⁰
317 3561 412 3614 ΠΜ
426 3558 881 3629 '‘³⁸⁰10l10l2mllllmt‘lllffl·
969 3579 1040 3624 tores
1050 3581 1082 3623 er
1097 3566 1218 3636 gentibus
1232 3578 1343 3620 necesse
1356 3563 1490 3620 trabebant
1511 3565 1628 3635 ipsorum
1644 3576 1749 3638 aposto·

172 3655 269 3710 Narrat
284 3654 383 3725 Regum
395 3651 516 3717 lristoria,
532 3652 592 3722 quia
602 3651 725 3709 Salomon
740 3653 915 3721 aedificaturus
968 3658 1066 3723 lorum,
1077 3659 1120 3727 qui
1134 3671 1148 3710 a
1163 3655 1276 3711 [lumino
1296 3655 1445 3711 didicerant
1459 3654 1612 3714 eruditione
1631 3658 1659 3713 iu
1674 3658 1750 3716 rerba

133 3749 238 3802 domurn
261 3745 385 3810 Doraino,
410 3743 536 3813 quesierit
556 3743 680 3797 crumilum
698 3742 729 3796 ol
746 3741 837 3796 llironr
859 3760 917 3814 rege
969 3749 1028 3804 ildei
1040 3746 1151 3816 institui,
1162 3762 1195 3803 ue
1204 3747 1334 3816 siabsquc
1344 3746 1582 3818 magistristlocere
1592 3748 1747 3820 inciperent,

136 3838 212 3908 Tgri,
226 3836 335 3905 perierat
351 3834 450 3886 amicus
464 3831 545 3886 lluoid
570 3833 639 3886 omiti
662 3843 789 3903 tempore,
814 3843 917 3888 eterna
968 3839 1087 3909 magistri
1099 3840 1244 3894 existerent
1264 3836 1376 3893 erroris.
1405 3836 1508 3894 ideirco
1538 3837 1612 3894 enim
1630 3838 1749 3896 &lumea

132 3931 190 3997 ipro
212 3942 311 3997 quoque
332 3924 480 3992 Saturione,
494 3933 627 3995 postquem
650 3940 728 3994 reguo
753 3926 848 3993 potitur
868 3937 916 3995 ert,
968 3943 1059 3984 seruos
1074 3929 1163 3982 iliram
1182 3928 1286 3984 caetlere
1308 3927 1358 3983 eibi
1378 3926 1464 3983 soluit
1491 3926 1564 3999 ligna
1587 3928 1622 3983 de
1639 3927 1749 3998 bibano,

133 4036 221 4088 poesin
236 4017 326 4072 lirim
335 4018 392 4088 jum
405 4025 513 4086 reperet
521 4032 531 4081 ;
551 4025 813 4085 proneptemquenroe
825 4018 859 4071 ud
868 4019 917 4071 ud·
968 4019 1028 4089 quia
1042 4019 1177 4075 doctiores
1187 4026 1264 4074 erant
1276 4018 1361 4074 serris
1371 4019 1426 4073 suis
1436 4018 1469 4072 ad
1481 4017 1700 4085 caedendumlit
1710 4019 1747 4074 id·

130 4113 274 4187 jurandum
284 4126 311 4166 re
322 4110 348 4163 in
359 4109 475 4162 onruilus
486 4110 542 4178 ejus
551 4108 666 4162 oairnont
679 4109 812 4174 inuenerit,
834 4110 871 4164 ita
890 4120 917 4164 td
967 4114 1038 4166 circo
1050 4112 1128 4166 simul
1140 4124 1303 4166 serrossuos
1312 4110 1409 4166 adesse
1418 4109 1520 4176 soluit,
1534 4119 1565 4165 ut
1581 4110 1751 4167 ostenderent

132 4205 243 4273 artifices
258 4202 296 4256 illi
323 4209 347 4255 et
373 4199 460 4269 ligna,
480 4208 621 4263 etenum,
634 4206 783 4267 proutopur
797 4199 915 4265 lubebat,
967 4203 1147 4267 cudentibus,
1162 4201 1238 4272 cujus
1262 4214 1393 4257 rueusurae
1421 4200 1491 4270 ligna
1525 4199 1585 4255 lieri
1613 4200 1747 4257 deberent.

133 4297 241 4352 dederit.
259 4292 341 4362 Cujus
354 4291 467 4359 leriefieii
479 4290 580 4359 gretie,
593 4289 714 4343 Salomon
728 4292 751 4344 ei
769 4307 813 4360 per
832 4308 915 4347 uanos
967 4292 1049 4362 Cujus
1060 4292 1098 4347 rei
1113 4291 1195 4360 ligura
1206 4291 1232 4346 iu
1244 4297 1367 4361 promptu
1382 4300 1434 4356 est,
1449 4290 1512 4358 quia
1527 4289 1655 4347 nimirum
1671 4305 1744 4362 apos·
1772 4324 1798 4335 -

132 4387 249 4456 singulos
259 4383 383 4452 plurimos
395 4380 470 4433 tritici
485 4390 508 4434 et
523 4378 573 4433 olei
587 4393 671 4445 coros,
681 4380 709 4433 in
722 4377 807 4434 cilum
826 4385 917 4437 dentur·
929 4393 958 4456 υ
970 4384 1015 4439 toli
1028 4383 1127 4438 certius
1139 4381 1247 4436 uerbum
1262 4378 1403 4449 euangelii,
1420 4378 1490 4450 quod
1503 4394 1517 4432 a
1530 4378 1645 4437 Domino
1659 4382 1798 4442 audire

134 4476 277 4546 rjrrrdairt
288 4471 349 4545 (tlt
373 4473 435 4544 lleg.
451 4471 488 4542 r).
516 4470 585 4526 Nulli
599 4480 688 4527 autem
702 4472 828 4540 dubium,
845 4477 917 4544 quod
969 4484 1140 4538 ineruerent,
1166 4473 1226 4526 aliis
1240 4471 1385 4541 paredicare
1398 4480 1546 4539 noverunt;
1563 4475 1612 4529 sed
1636 4476 1783 4546 gentiles

132 4562 670 4633 Salomon,quiiuterpretaturpacilrcus,
686 4564 915 4633 etipsonomine,
968 4564 1002 4620 ab
1020 4579 1112 4620 errore
1135 4563 1256 4619 conuersi
1286 4574 1365 4632 atque
1392 4561 1424 4616 ad
1449 4564 1591 4619 ueritatem
1617 4564 1769 4635 Evangelii·

133 4666 162 4715 et
175 4656 348 4713 securrissimo
372 4655 448 4724 regni
463 4654 504 4709 sui
526 4664 611 4718 statu,
628 4654 702 4710 illum
723 4656 867 4726 significet,
881 4658 916 4714 de
968 4653 1160 4720 transformati,
1171 4654 1267 4710 melius
1279 4654 1480 4724 ipsosgentium
1492 4666 1751 4728 erroresuoreramq

132 4765 186 4820 quo
209 4746 275 4803 dicit
298 4745 379 4800 isaias
394 4759 401 4799 a
417 4743 628 4817 llultiplicuiitur
646 4747 702 4818 ejus
722 4748 871 4818 imperium,
891 4760 915 4806 et
967 4754 995 4802 ct
1008 4760 1061 4816 quo
1075 4746 1174 4800 certius
1193 4753 1332 4809 noverant,
1356 4759 1390 4798 co
1416 4742 1589 4802 artillciosius
1603 4746 1652 4804 bos
1666 4762 1739 4815 erpu-

133 4841 203 4910 paeis
221 4841 277 4905 eius
303 4853 354 4891 riou
385 4836 432 4889 erit
448 4836 507 4902 aab
525 4834 599 4909 (isa.
622 4851 648 4891 tx
663 4837 686 4910 ).
709 4837 798 4895 iliram
829 4856 914 4909 rero,
967 4852 1057 4908 gnare,
1082 4847 1161 4906 atque
1187 4850 1316 4890 evacuare
1331 4834 1493 4890 didicerunt.
1520 4836 1621 4894 Paulus
1643 4838 1732 4909 quidem

132 4931 177 5002 qui
192 4930 284 4984 Latine
298 4927 396 4983 dieitur
410 4927 501 4982 virens
512 4926 631 4996 excelse,
646 4927 787 4986 credentes
802 4946 834 4986 ex
848 4947 914 5000 geu·
966 4936 1162 4984 sacramentum
1193 4923 1347 4996 Evangelii,
1380 4926 1451 4995 quod
1481 4942 1529 4995 per
1560 4928 1729 4986 revelatioren

133 5021 204 5077 tibus
218 5029 245 5074 ct
258 5018 312 5073 rita
332 5015 412 5071 simul
426 5030 487 5071 cum
504 5015 555 5072 llde
567 5017 698 5087 gloriosos
712 5021 855 5091 figuraliter
866 5039 916 5079 ex·
967 5018 1106 5083 didicerat,
1122 5017 1217 5073 melius
1233 5016 1318 5084 riorit,
1332 5016 1379 5073 sed
1398 5017 1540 5088 Dionysius
1554 5020 1651 5076 melius
1665 5019 1728 5077 reid·

133 5113 233 5183 primit.
248 5110 341 5181 Neque
352 5107 451 5176 aliquid
461 5107 593 5176 probibet,
604 5109 668 5176 quin
681 5109 782 5176 iliram,
794 5112 854 5182 quia
866 5129 913 5170 rer
967 5110 1022 5165 lere
1033 5116 1136 5178 poterat
1156 5107 1221 5163 ialsa
1232 5108 1399 5162 Athenarum
1411 5108 1546 5180 dogmata,
1563 5125 1676 5180 quorum
1688 5126 1729 5165 ιιι

131 5213 201 5269 ιιιι,
233 5199 370 5269 regalique
400 5198 519 5269 potentio
552 5197 722 5254 Salomonem
742 5201 769 5255 in
798 5202 913 5258 aedillcio
966 5200 1101 5256 erroribus
1120 5197 1319 5270 syllogismusa
1336 5213 1418 5267 puero
1433 5208 1460 5253 et
1478 5211 1637 5269 argumenta
1658 5211 1730 5257 emat

132 5295 229 5348 tlorrrus
249 5289 352 5345 Domini
368 5287 489 5358 iuuabat,
508 5301 652 5343 conversos
676 5289 710 5344 ad
732 5288 814 5347 ladem
841 5293 913 5364 ipsos
966 5302 1087 5346 nouerat.
1103 5290 1153 5346 Cui
1167 5290 1258 5344 sensui
1278 5288 1405 5344 convenit
1423 5298 1487 5360 apte
1509 5291 1583 5361 quod
1609 5289 1730 5363 sequitur:
1794 5270 1800 5369 ζ

132 5398 221 5438 rerum
230 5381 354 5437 dominos
363 5378 450 5450 typice
464 5377 612 5444 denuntiet,
623 5393 737 5448 quorum
748 5393 914 5452 opecoustat
967 5383 1024 5440 Seis
1038 5381 1106 5436 enim
1118 5379 1186 5446 qued
1197 5395 1248 5432 rron
1262 5387 1298 5434 est
1310 5380 1336 5432 ia
1357 5380 1452 5449 populo
1472 5395 1529 5434 anea
1544 5381 1584 5435 eir
1597 5383 1643 5452 qari
1656 5382 1733 5437 roseit
1795 5372 1800 5385 '

134 5476 280 5532 Ecclesiam
295 5475 392 5544 sapius
407 5473 536 5544 adjutam,
559 5475 685 5531 nobiliter
698 5486 910 5547 augmentatam,
965 5476 1062 5530 rudere
1073 5475 1145 5545 ligno
1155 5473 1221 5526 sicut
1237 5471 1352 5528 Sidonii.
1377 5470 1436 5525 Non
1450 5473 1522 5527 enim
1535 5482 1596 5530 erat
1613 5475 1640 5530 iu
1655 5475 1736 5544 populo

133 5577 158 5618 et
172 5577 263 5620 contra
277 5567 432 5633 buculcus,
457 5567 654 5631 ectrismaticus,
666 5577 693 5622 et
707 5582 824 5639 paganos
838 5568 910 5639 pri„-
965 5565 1130 5632 lnda-oram,
1149 5564 1192 5616 ulii
1206 5562 1334 5616 bisantius
1349 5560 1525 5630 corporaliter
1541 5579 1662 5633 praesens
1673 5566 1739 5623 doce·
1797 5618 1800 5651 ,

132 5653 461 5724 ripatibuscrectautesse
483 5657 903 5729 decretis.l‘etiterguSuloruon
966 5655 1020 5727 bar,
1038 5654 1107 5709 ullus
1139 5668 1233 5709 euritii
1263 5651 1307 5723 llll
1340 5663 1393 5706 ¹²11!
1412 5651 1492 5711 liele
1524 5662 1619 5711 notaui
1647 5671 1742 5715 erraret
