3794 6120
207 269 256 326 151
460 266 563 323 BEDAE
584 261 809 320 insinuabitis
828 259 970 319 bennun
989 258 1080 316 PARS
1100 257 1133 314 ll.
1149 286 1184 302 ·-
1205 247 1402 317 eiecerint
1423 258 1584 317 Galbina.

1785 254 1843 319 1511

208 390 288 446 modo
311 386 380 457 ligna
403 383 496 439 altaris
518 389 593 436 tauto
618 381 680 450 igne
702 379 794 435 uicino
827 377 994 433 ineonrbnsta
1009 374 1165 438 Acoelcstis
1189 371 1329 428 ierinntnr.
1354 371 1478 426 Vertietru
1491 373 1612 427 mendas
1625 373 1713 428 turico
1725 386 1752 430 er
1765 376 1843 446 [end-

207 495 365 556 permanere
390 475 535 547 potuerint,
560 473 674 542 accipiat
697 471 767 528 beati
788 468 942 539 Hieronymi
961 469 996 526 de

206 577 257 630 bac
268 569 415 643 quaestione
428 580 594 636 responsum.
610 564 718 629 Altaria,
735 563 831 634 iuquit,
844 562 926 633 ligna,
936 575 995 631 quaa

204 665 239 720 dc
254 662 332 731 lignis
345 657 464 730 paradisi
481 662 554 722 sunl,
570 671 624 710 nort
639 664 795 710 cremantur
819 654 880 723 igne
896 651 994 717 vicino,

204 753 252 812 scd
268 751 374 821 puriora
390 747 549 804 redduntur,
573 745 628 802 Nec
642 745 740 799 mirum
757 743 808 798 lroc
822 742 856 798 de
869 750 995 796 sanctua-

205 843 245 899 rio
260 850 287 898 et
301 839 472 897 interioribus
486 838 589 908 templi,
604 847 632 893 el
645 836 722 891 altari
737 833 920 905 thymiamatis
934 848 995 889 cre·

204 936 280 1004 dere,
301 948 362 988 curn
386 934 466 986 etiam
491 930 637 994 amianton,
662 927 733 998 qnod
756 926 820 997 ligni
844 935 993 996 gennaesa,

204 1027 248 1083 ael
269 1024 332 1095 ligni
350 1023 453 1079 babens
468 1021 679 1087 similitudinem,
697 1028 796 1090 quanto
814 1019 874 1089 plns
888 1019 995 1085 arserit,

204 1130 277 1178 lanto
291 1118 416 1174 mundius
431 1116 594 1172 inaculatur.

239 1210 381 1281 Furiaeque
400 1210 427 1263 iu
447 1224 509 1264 aaut
527 1210 582 1280 ejus
595 1205 703 1270 lebetes,
718 1206 753 1258 ed
770 1203 945 1272 resupinatos
958 1201 995 1255 ci·

202 1321 285 1372 anea,
298 1314 350 1360 etc.
366 1302 436 1358 Vasa
449 1299 541 1356 altaris
556 1299 674 1364 diversa,
688 1295 731 1352 rel
745 1295 863 1350 diversas
877 1292 995 1348 bdelium

1047 466 1148 519 nulibus
1163 467 1237 521 iiueia
1248 481 1259 520 .·
1271 464 1398 522 sacerdos
1413 464 1457 533 qui
1478 465 1557 521 odeat
1576 465 1775 533 holocaustum,
1791 470 1844 526 [irr-

1047 560 1137 613 miuus
1149 568 1207 614 est:
1223 559 1286 630 qrria
1307 559 1332 613 iu
1352 559 1429 614 uobis
1450 559 1507 628 ipse
1521 564 1610 629 mtrem
1632 575 1689 616 aare
1702 561 1845 622 charitatis

1048 649 1207 716 accendere,
1221 664 1254 705 ac
1265 666 1312 719 per
1325 649 1395 705 lrunc
1409 648 1511 705 lrosrias
1523 650 1600 707 bonae
1613 662 1715 709 trustraa
1728 655 1844 714 antuus

1046 741 1154 797 sibimet
1165 743 1341 810 acceptabiles
1356 742 1444 798 lacere
1457 746 1605 800 conanerit.
1622 745 1654 799 Et
1668 745 1726 801 naee
1740 748 1842 806 laniena

1047 835 1159 888 vcstitur
1184 834 1260 889 lineis
1283 835 1461 902 indumentis;
1487 838 1549 906 qnia
1573 847 1603 892 nl
1624 852 1675 894 nos
1700 842 1736 896 ad
1759 856 1844 911 opera

1047 925 1174 980 nirtntnm
1194 925 1302 990 exciter,
1319 927 1442 993 exempla
1463 927 1540 983 uobis
1552 943 1610 983 snae
1634 929 1843 1003 inmemorem,

1047 1017 1180 1087 passionis
1196 1026 1228 1074 et·
1243 1020 1338 1074 mortis
1358 1021 1494 1091 proponit.
1517 1037 1576 1092 qnae
1591 1039 1640 1094 per
1660 1024 1748 1082 liutran
1762 1030 1845 1100 sigtri-

1049 1107 1124 1165 beari
1138 1124 1216 1180 pesse
1229 1110 1327 1180 sepius
1339 1110 1438 1165 dictum
1452 1120 1505 1167 est.
1519 1112 1599 1170 Tollit
1612 1124 1702 1170 naum
1716 1118 1786 1173 idean
1797 1136 1843 1175 aa·

1046 1201 1136 1257 serdus
1148 1202 1257 1267 cineres,
1268 1218 1330 1273 quoa
1344 1218 1424 1258 uerna
1436 1203 1504 1275 iprria
1517 1208 1623 1274 masii,
1641 1219 1667 1264 at
1679 1211 1754 1279 potiit
1765 1213 1843 1284 jaste

1046 1294 1138 1363 altare,
1157 1309 1216 1348 cnm
1234 1294 1365 1350 borninns
1380 1294 1461 1350 ilaem
1481 1295 1618 1354 laboriosis
1642 1301 1772 1368 operibns
1790 1302 1842 1358 irrr-

204 1411 345 1468 persouas,
369 1395 410 1451 rel
434 1402 508 1449 certe
530 1390 690 1446 rnrrltiiarias
716 1388 835 1458 ipsorum
863 1387 994 1455 actiones,
1047 1388 1133 1454 pouit,
1151 1387 1338 1457 neqnejuslos
1351 1388 1447 1446 denae
1460 1390 1513 1444 uita
1532 1400 1624 1459 raptos
1637 1391 1709 1448 nitra
1725 1408 1774 1464 pro
1790 1397 1841 1452 rita

203 1491 260 1546 sine
273 1488 448 1559 cogitationes
467 1484 493 1539 iu
510 1481 668 1537 iamrrlatnm
683 1481 724 1535 sui
738 1477 892 1533 conditoris
904 1477 996 1546 dispo-
1047 1488 1146 1533 arterrra
1160 1488 1276 1546 certare,
1291 1481 1338 1535 sed
1356 1495 1483 1536 manuam
1497 1481 1610 1553 institiae
1629 1484 1656 1539 iu
1671 1486 1726 1540 aila
1743 1496 1841 1545 telana

204 1584 270 1637 sitas
284 1581 408 1648 accipere
420 1576 560 1633 debemus.
588 1573 623 1628 Et
642 1571 749 1641 quidem
772 1570 859 1640 primo
882 1568 994 1631 lebetas.
1046 1567 1122 1637 jubet
1135 1570 1265 1637 accipere.
1282 1567 1388 1626 Pouens
1408 1572 1506 1626 eteuinr
1527 1572 1632 1629 cineres
1650 1574 1731 1645 juata
1745 1576 1839 1647 altare,

204 1673 237 1729 ad
260 1669 444 1740 suscipiendos
467 1667 591 1729 cineres,
616 1662 704 1718 iacere
726 1660 889 1732 precipitur.
921 1659 995 1714 Ciuis
1047 1658 1197 1726 spoliabitur
1218 1658 1343 1728 prioribus
1367 1661 1535 1728 uestimentis,
1553 1678 1614 1717 cnm
1633 1666 1840 1724 admemoriam

203 1775 294 1821 antem
318 1763 478 1825 lrostiarnm,
499 1758 570 1829 quod
594 1758 620 1812 iu
645 1771 742 1827 magno
755 1754 884 1825 mysterio
898 1753 994 1808 debeat
1009 1749 1133 1820 Biustis,
1148 1765 1206 1821 quar
1221 1751 1341 1810 iecerunt
1353 1754 1433 1820 bona,
1447 1755 1587 1822 reducens,
1603 1773 1657 1813 non
1674 1760 1716 1816 cis
1729 1762 1842 1832 antpliua

203 1856 304 1927 accipi,
333 1863 444 1910 restatur
470 1851 539 1907 einis
568 1850 658 1905 vitulae
686 1848 751 1905 rniac
777 1861 922 1918 aspersns;
949 1846 993 1916 qni
1048 1844 1165 1899 nubitum
1179 1860 1234 1900 snae
1251 1847 1383 1916 passionis
1398 1848 1553 1904 imitandum
1572 1853 1709 1917 ostendin
1731 1855 1780 1909 aed
1802 1855 1841 1909 ire

203 1947 293 2012 eriam,
317 1945 444 2014 apostolo
466 1950 554 2003 teste,
584 1939 731 2011 inquinatur
756 1938 933 2009 mortificabat
958 1940 993 1991 ad
1046 1935 1137 1991 (initur
1151 1935 1211 1990 aliis
1231 1937 1414 2002 vestimentis,
1434 1939 1486 1995 illis
1504 1941 1632 1997 videlicet
1650 1943 1687 1998 rie
1703 1945 1801 2014 quibus
1813 1945 1839 2001 ia

204 2037 409 2093 emundationem
427 2034 511 2088 carnia
526 2032 619 2103 (liele.
634 2033 692 2098 ra);
719 2030 746 2085 irr
761 2045 814 2101 erro
835 2030 892 2099 ipsc
906 2029 995 2098 praeli·
1047 2023 1191 2094 Evangelio
1206 2025 1273 2081 dicit
1287 2026 1363 2094 ipse:
1379 2027 1460 2082 Amen
1477 2029 1533 2083 dico
1547 2030 1628 2097 nobis,
1642 2033 1713 2102 pund
1733 2036 1839 2103 produ·

205 2110 327 2200 puratum
342 2123 466 2195 inlelligit
480 2128 676 2178 sacramentnm
689 2118 836 2173 Dominictc
850 2117 992 2187 passionis.
1046 2125 1087 2187 pet
1101 2133 1127 2171 sc
1140 2117 1254 2186 clssiuciet
1268 2118 1328 2172 illos
1341 2119 1495 2174 discendere
1513 2119 1588 2192 (Luc.
1604 2122 1671 2193 atr);
1693 2123 1721 2177 id
1743 2135 1795 2189 eal,
1809 2125 1839 2180 ad

205 2218 322 2288 Ternpna
355 2224 444 2270 antem
479 2222 507 2268 et
529 2213 712 2281 acceptionem
738 2209 872 2280 passionis
896 2208 995 2264 Cbrleti
1047 2217 1178 2261 aeternam
1198 2223 1228 2264 se
1247 2213 1489 2267 remunerationem
1512 2216 1727 2283 preparatum
1743 2219 1840 2276 illosia

204 2311 327 2380 designat
339 2310 406 2364 ciuis
423 2317 553 2372 cremara,
571 2321 631 2376 quas
646 2320 694 2360 nos
710 2307 907 2375 inperpetuum
923 2302 995 2373 puri·
1047 2308 1146 2356 eterna
1162 2300 1225 2356 iacit
1238 2303 1327 2373 quiete
1341 2305 1467 2360 reinseri.
1483 2303 1595 2361 indatus
1613 2323 1675 2365 aero
1695 2311 1755 2365 aliis
1769 2314 1840 2368 uati·

206 2405 288 2459 llcaus
301 2405 396 2460 salvat.
415 2402 485 2471 Ergo
499 2397 629 2456 crematio
644 2398 734 2452 vitulae
749 2397 816 2451 ruia
838 2395 934 2462 ipsum,
950 2393 995 2462 qni
1047 2394 1139 2448 mentia
1160 2392 1249 2459 spinet
1267 2396 1364 2451 cineres
1387 2406 1458 2451 satra
1475 2407 1578 2465 emtas,
1603 2415 1665 2455 cnm
1681 2413 1791 2470 paratus
1810 2403 1842 2460 ad

204 2494 238 2551 ad
254 2493 468 2550 concinnationem
491 2489 692 2546 immundorum
711 2486 875 2551 serrabatur,
892 2481 1003 2555 anystc·¹
1048 2489 1274 2543 remunerandum
1300 2489 1419 2545 laborem
1442 2492 1590 2547 cleriorum
1615 2509 1727 2549 snorum
1753 2497 1843 2553 borni·

175 2611 178 2615 <
204 2589 274 2641 rlrrm
297 2586 351 2654 jam
374 2582 517 2652 completae
543 2581 665 2650 ejusdem
694 2579 843 2650 passionis,
868 2592 921 2646 qun
946 2592 995 2634 uos
1048 2590 1108 2641 uns,
1128 2577 1255 2648 quidquid
1273 2579 1334 2633 boui
1349 2590 1500 2649 gesserant,
1512 2582 1569 2652 jam
1590 2585 1618 2638 ia
1638 2584 1685 2640 illa
1706 2586 1772 2642 lacit
1790 2588 1843 2643 rita

203 2674 322 2742 qnotidie
342 2687 357 2727 a
373 2672 488 2742 meantis
503 2672 601 2726 nostris
617 2668 768 2740 expiamur,
784 2669 911 2723 insinuat.
928 2668 994 2734 linia
1047 2665 1131 2721 rideri
1148 2667 1211 2722 irinc
1224 2669 1353 2724 ablatum.
1374 2670 1429 2725 Nec
1442 2671 1477 2725 ab
1492 2687 1521 2728 re
1535 2682 1578 2729 est
1589 2674 1649 2730 loco
1663 2685 1742 2731 ealra
1756 2687 1844 2733 casin

204 2779 269 2834 erpo
281 2763 372 2818 omitia
394 2762 523 2818 sacrilicia
538 2770 566 2816 et
580 2760 696 2816 victima
709 2775 768 2828 quaa
784 2759 995 2815 incendebantur
1047 2762 1134 2831 posito
1148 2763 1209 2818 nitur
1224 2767 1342 2833 perpetis
1363 2767 1514 2837 ingressum
1537 2768 1657 2840 igurari,
1671 2784 1735 2826 cum
1750 2781 1781 2827 ct
1793 2771 1845 2828 llo«

203 2857 230 2911 iu
252 2855 341 2922 altari,
367 2854 408 2908 rel
431 2855 581 2922 passionem
605 2851 732 2918 bomini,
756 2851 798 2906 rel
823 2851 993 2906 devotionem
1047 2853 1137 2908 minus
1156 2853 1228 2909 dicat
1246 2871 1254 2910 ε
1269 2854 1320 2911 Per
1340 2873 1381 2911 arte
1399 2859 1422 2912 ai
1441 2860 1497 2927 ertia
1519 2861 1663 2926 leuamen,
1687 2863 1841 2932 adamam,

202 2957 357 3002 sanctornm
371 2946 430 3014 ejrrs
443 2944 549 2998 bamma
562 2942 701 2998 charitatis
716 2943 865 3008 ardentem,
881 2941 993 3012 ligurats
1046 2954 1070 2998 et
1084 2946 1237 3015 inpredistur
1255 2956 1279 3002 er
1293 2949 1449 3019 eprerllnu,
1470 2965 1496 3006 et
1507 2967 1605 3020 pascue
1626 2955 1738 3010 inueniet
1752 2954 1844 3028 (laetu

202 3040 376 3105 denuntiant,
402 3038 497 3093 merito
517 3037 585 3092 ciuis
607 3036 841 3103 holocaustorum,
864 3035 906 3091 aei
929 3049 995 3090 eon·
1050 3037 1090 3105 si.
1106 3037 1137 3090 Et
1150 3036 1288 3094 Psalmistn
1301 3053 1309 3094 ε
1323 3039 1448 3097 domurn
1465 3046 1594 3100 cesama
1614 3046 1751 3102 introitarrr
1772 3058 1846 3104 raaia

203 3130 407 3186 maurissionem
421 3128 562 3183 dominice
576 3126 723 3198 passionis,
749 3126 789 3181 rel
809 3136 883 3182 certe
904 3126 992 3196 periu-
1008 3124 1032 3188 c
1046 3127 1178 3180 steritem
1191 3136 1264 3182 turtur
1284 3129 1398 3193 [Parim.
1413 3134 1461 3203 cr)
1478 3150 1484 3186 ε
1500 3133 1640 3190 introitum
1655 3137 1794 3206 videlicet,
1818 3142 1844 3195 ia

204 3222 320 3276 ctionem
345 3219 473 3288 exprimit
496 3218 603 3273 virtutis
626 3218 776 3288 justornrn;
805 3234 866 3274 cunr
892 3219 940 3274 toll
965 3217 992 3274 iu
1047 3216 1116 3274 hanc
1138 3219 1265 3276 Ecclesiae
1291 3223 1391 3288 altam:
1422 3227 1523 3281 saltum
1548 3241 1625 3294 vero,
1650 3229 1677 3284 in
1702 3231 1776 3287 iilarrr
1800 3234 1844 3288 abi

206 3310 251 3366 bei
267 3310 405 3366 seruitium
421 3311 571 3381 perignem
586 3310 671 3362 sancti
691 3308 807 3379 Spiritus
819 3310 910 3378 oblati,
936 3311 995 3381 ipsa
1047 3325 1143 3381 pascum
1182 3313 1355 3371 inveniuntur
1378 3327 1487 3374 aeternae
1519 3321 1663 3378 satietatis.
1698 3323 1758 3397 Non
1779 3341 1844 3397 erpo

203 3401 259 3472 iarn
280 3401 350 3456 bona
373 3415 453 3469 opera
480 3401 568 3466 llrrire,
592 3410 618 3455 et
638 3401 672 3454 ad
695 3400 863 3471 percipienda
882 3416 993 3472 opernm
1047 3404 1137 3474 inepte
1151 3405 1238 3461 locum
1265 3420 1341 3463 extra
1355 3420 1443 3467 castra
1457 3414 1584 3481 positum,
1599 3415 1626 3469 in
1649 3416 1695 3470 iiia
1716 3417 1843 3490 intelligi·

205 3490 315 3559 praemia
339 3491 366 3545 in
382 3501 509 3545 aeternam
524 3490 605 3544 uitam
621 3490 677 3560 rapi
693 3502 858 3546 mernerunt.
874 3491 950 3558 Quod
967 3501 995 3548 ul
1046 3510 1106 3550 nrna
1130 3495 1207 3564 sita,
1232 3501 1380 3567 pracsertim
1404 3517 1465 3556 curu
1492 3504 1526 3558 ibi
1552 3504 1627 3561 inens
1650 3508 1843 3566 ramrdisairuua

203 3581 370 3638 ntaniicatins
391 3581 453 3647 liat,
477 3581 616 3636 videamus
632 3582 694 3652 quid
714 3581 748 3636 de
761 3581 896 3637 cineribus
917 3582 993 3637 irolo·
1047 3599 1107 3641 esse
1126 3586 1241 3654 dicatur,
1253 3591 1323 3659 quod
1339 3593 1365 3644 iu
1384 3593 1436 3649 luc
1449 3593 1501 3648 rita
1516 3595 1574 3650 ilcri
1586 3597 1744 3656 nuliatenus
1765 3616 1842 3672 prese

203 3675 287 3730 causti
306 3673 412 3746 lioyses
423 3674 494 3728 dicat
509 3691 516 3726 :
532 3673 656 3740 licceat,
671 3673 767 3742 inquit,
782 3673 994 3729 lcrlrolocuusti:
1046 3678 1216 3748 perspicuum
1237 3693 1287 3735 eat.
1308 3681 1394 3738 Locus
1409 3700 1473 3754 crgo
1491 3687 1686 3746 mundissimus
1700 3702 1779 3749 extra
1799 3710 1842 3751 sa·

203 3766 357 3821 armabitur
372 3767 401 3820 iu
418 3766 496 3820 elteri
511 3775 564 3820 tolo
582 3774 654 3819 uncte
671 3782 749 3834 usquc
768 3783 853 3821 urnae.
871 3765 942 3838 lpnia
961 3782 995 3822 ex
1046 3777 1112 3833 alra,
1128 3770 1187 3838 ipse
1201 3779 1242 3825 est
1259 3773 1364 3829 animus
1385 3773 1518 3844 justornm
1533 3793 1566 3833 ea
1582 3779 1633 3836 irae
1649 3782 1708 3839 rita
1724 3786 1842 3843 anbiafo·

203 3858 293 3912 mdenr
312 3855 389 3910 abari
409 3857 467 3911 erit.
489 3855 616 3910 l'eatierur
634 3857 753 3911 sacerdos
772 3858 857 3911 turrice
878 3869 901 3912 el
921 3857 996 3926 [euri-
1046 3876 1116 3928 rum,
1138 3873 1165 3917 et
1188 3862 1214 3918 in
1233 3865 1284 3919 alia
1305 3868 1359 3920 vita
1380 3869 1563 3937 gaudentium.
1588 3871 1617 3927 iu
1639 3888 1697 3942 urao
1716 3877 1841 3935 ridetur

203 3948 307 4002 nuliius
328 3948 411 4003 riurein
434 3946 586 4015 Tolleunpue
603 3949 710 4013 eineres,
733 3963 796 4018 quos
815 3962 907 4003 coruus
929 3949 995 4020 iprris
1056 3967 1106 4008 oco
1122 3953 1190 4009 ciuis
1209 3956 1358 4012 lrolocansti
1379 3962 1510 4028 usquead
1531 3962 1648 4018 iarillaru
1662 3969 1841 4036 consumitur,

205 4040 312 4102 masii,
333 4040 560 4110 etpnneua‘jucin
580 4036 672 4103 uitare,
693 4038 845 4106 apellabitnr
869 4040 996 4111 prioribus
1046 4060 1107 4101 cnm
1131 4047 1166 4101 ita
1201 4049 1245 4104 nbi
1267 4065 1377 4119 opernm
1411 4053 1542 4110 bonorum
1569 4071 1676 4114 merces
1707 4062 1893 4143 rtrriditrtr,s

203 4128 699 4199 seatimcruia,irrdutaaqnealiiaefferet
712 4144 753 4183 coa
769 4139 950 4196 extremaue,
972 4142 995 4186 el
1046 4145 1076 4190 nt
1098 4138 1174 4192 labor
1195 4141 1284 4195 omnis
1306 4139 1339 4195 ad
1364 4142 1498 4212 integrum
1524 4160 1747 4220 consummatam
1768 4152 1893 4227 juar-

203 4225 230 4277 iu
245 4223 300 4276 loeo
313 4221 492 4290 usiliarium,
507 4236 587 4287 usqne
600 4221 634 4273 ud
647 4221 761 4290 furnillam
778 4225 892 4277 couaurui
904 4226 994 4294 saciet.
1048 4227 1113 4283 iliud
1126 4231 1302 4302 Apocalypsis
1321 4236 1406 4290 sancti
1418 4235 1541 4307 ioannis,
1566 4243 1612 4312 qai
1631 4257 1696 4299 corn
1710 4245 1747 4302 de
1765 4248 1893 4315 ταῖς,

203 4311 276 4384 ienis
296 4321 380 4367 natent
392 4312 421 4365 a'u
439 4312 515 4364 elteri
530 4327 627 4379 senaper
644 4311 742 4365 ardebit
763 4311 836 4382 (Len.
848 4316 896 4384 nt).
912 4314 936 4368 11
941 4315 995 4370 oio·
1047 4319 1158 4376 buliouc
1175 4323 1344 4390 praemiorum
1356 4326 1467 4383 dixisset
1480 4346 1487 4382 :
1502 4328 1570 4385 Ecce
1584 4332 1782 4391 uiuamus
1795 4337 1817 4392 D
1831 4359 1893 4412 q

147 4414 155 4431 ·
203 4412 319 4457 unarum
341 4418 401 4473 erpo
420 4403 575 4455 crrnubitur
589 4403 615 4454 iu
636 4403 794 4466 plautinum
811 4404 837 4457 iu
852 4407 934 4461 corde
948 4422 995 4461 cn·
1047 4425 1105 4464 rum
1124 4412 1276 4482 lromirriiur,
1295 4425 1318 4469 et
1334 4418 1458 4474 lulirnbit
1480 4435 1537 4486 mur
1556 4423 1604 4489 eis,
1620 4434 1646 4479 er
1665 4428 1717 4496 ipsi
1733 4430 1877 4500 pepaiq,

203 4494 356 4562 juscnuque
373 4492 463 4557 electi,
479 4492 522 4561 qrri
538 4492 655 4558 seipsum
676 4499 772 4558 lotum,
786 4503 813 4548 et
826 4511 907 4551 carue
922 4498 995 4551 vide·
1009 4485 1036 4546 1)
1049 4503 1106 4572 ejus
1126 4513 1211 4573 eruut,
1226 4515 1251 4560 et
1271 4507 1326 4576 ipse
1336 4507 1462 4565 Dominus
1483 4526 1542 4566 caer
1559 4515 1597 4569 eia
1608 4516 1659 4570 erit
1672 4533 1765 4574 must
1773 4519 1862 4588 11η,

204 4583 267 4636 licet
289 4591 317 4637 et
334 4583 427 4648 corde,
449 4583 503 4637 ileo
524 4593 644 4650 noverat,
666 4599 733 4654 opus
755 4587 853 4645 bouum
878 4590 996 4646 icrecrtte
1047 4598 1140 4665 (apoc.
1153 4597 1410 4668 aatiacontiunorle
1423 4605 1570 4662 abolitione
1583 4607 1707 4667 laborum
1720 4614 1844 4677 omnium

204 4672 347 4725 eharitatis
366 4672 426 4741 igne
448 4682 577 4741 patratur.
602 4674 676 4738 Quod
693 4683 747 4730 tora
767 4677 796 4732 lit
819 4688 898 4735 nor-te
913 4697 997 4750 usqne
1047 4687 1173 4758 anltjecit,
1196 4700 1276 4761 atque
1298 4693 1354 4747 ait:
1377 4694 1411 4749 lit
1431 4697 1556 4768 obstupet
1576 4697 1649 4756 Dnrra
1676 4717 1777 4757 aarum
1800 4710 1831 4762 dt·

207 4778 298 4830 nume,
311 4777 371 4816 cnm
385 4763 444 4831 unis
456 4770 512 4817 toto
525 4766 587 4864 aine
601 4762 681 4834 iup'ns
693 4775 821 4836 terrrpore,
835 4772 996 4839 usquedum
1047 4798 1160 4852 aym
1170 4785 1203 4839 ap
1218 4786 1301 4840 καὶ.
1316 4803 1414 4855 emm,
1425 4798 1449 4844 ,p
1462 4807 1532 4847 mo„
1546 4794 1615 4848 ,pm
1630 4812 1683 4851 m
1692 4798 1751 4864 m„
1761 4810 1823 4872 m

207 4863 301 4922 ruptos
322 4866 474 4922 ecorpnre,
496 4852 576 4906 iotnn
591 4869 668 4910 urana
683 4857 774 4912 saculi
788 4858 878 4916 videre
891 4877 998 4918 urernc·
1048 4873 1140 4940 tuum,
1161 4893 1242 4946 mque
1259 4879 1376 4935 elamor:
1405 4898 1486 4953 nepus
1504 4885 1580 4940 dolor
1599 4889 1660 4954 erit,
1679 4892 1740 4959 pala
1758 4895 1820 4960 prun
1887 4880 1893 4907 ’·

206 4946 263 5010 rit,
286 4944 363 5001 bouis
386 4944 511 5001 insistere
534 4960 586 5000 nou
609 4956 698 5001 cessat
718 4951 852 5019 operibns.
878 4951 950 5024 lpuis
964 4970 997 5008 ea
1050 4967 1167 5021 appetam
1180 4967 1287 5040 (pipp),
1304 4973 1338 5025 p,
1353 4975 1414 5042 qni,
1429 4988 1676 5046 mmmmm
1690 4980 1818 5042 „imm

1888 4842 1893 4877 l

206 5035 293 5090 eodem
311 5035 389 5089 abari
410 5035 477 5102 erit,·
499 5036 561 5106 qnia
583 5035 628 5091 illa
652 5038 737 5092 selunr
761 5041 900 5107 claritate,
917 5057 995 5112 qlliltll
1050 5073 1158 5127 norum,
1173 5065 1231 5130 ipsa
1245 5063 1373 5132 ebaritas,
1402 5081 1449 5135 per
1463 5083 1542 5136 qnam
1555 5073 1752 5143 operabantur,
1771 5093 1820 5136 unu·

207 5126 333 5181 Ecclesiae
346 5141 402 5181 suus
413 5124 540 5181 bomiuna
556 5141 603 5195 per
613 5126 741 5196 Spiritum
757 5139 876 5184 sarnetum
893 5131 995 5197 tribuit,
1048 5165 1128 5218 qum
1142 5154 1268 5221 pompm,
1285 5154 1338 5211 pn„
1349 5157 1503 5227 nagrantrur
1513 5164 1684 5229 puppam,
1696 5181 1757 5221 cum
1769 5167 1821 5239 pm·

206 5215 301 5271 1111111
325 5216 462 5272 1111111111·
485 5216 605 5288 Ι1111111111
629 5220 677 5275 11111
699 5224 797 5288 11111111·
822 5226 883 5293 11111
906 5227 994 5297 11111111
1048 5257 1127 5310 quem
1143 5244 1291 5316 diligimus,
1307 5249 1333 5302 lu
1348 5260 1479 5305 aeternnm
1495 5251 1653 5308 ridebitur:
1680 5268 1754 5313 reela
1773 5265 1824 5322 aab.

206 5309 324 5363 alienum
341 5307 452 5362 llonriuo
468 5308 578 5376 oilerre,
593 5319 622 5365 et
642 5326 695 5365 non
714 5327 774 5367 enrn
789 5317 834 5384 qui
856 5319 939 5374 scurei
961 5321 996 5378 dc
1049 5332 1133 5398 dirus,
1150 5332 1319 5404 igninum
1335 5338 1362 5392 j„
1377 5340 1455 5394 ,pm
1469 5356 1576 5412 „W
1588 5345 1706 5402 ,mm
1720 5349 1829 5421 mmuh

205 5401 275 5454 eoelo
293 5399 435 5467 datuaest,
449 5401 600 5470 noluerunt,
616 5419 678 5459 mot
698 5406 757 5475 igne
775 5411 878 5467 caelesti
891 5427 997 5482 parem.
1049 5435 1117 5494 posu,
1136 5425 1205 5497 iguis
1217 5436 1259 5482 esa
1273 5428 1324 5484 iste
1343 5443 1501 5502 perpetras,
1515 5434 1561 5503 qni
1583 5451 1723 5505 nunquam
1734 5439 1832 5507 mser„

206 5490 245 5558 pri
267 5499 349 5556 suut;
372 5493 434 5562 1111
456 5491 583 5549 nimirem
599 5497 750 5569 (illicibiles
769 5517 850 5572 opera
872 5508 993 5564 coelesria
1048 5516 1082 5570 de
1093 5516 1180 5571 altari.
1205 5515 1397 5576 Consnrnmaro
1410 5536 1477 5593 orgo
1491 5540 1578 5595 nauus
1595 5529 1631 5583 ad
1652 5528 1773 5590 larillaur
1788 5537 1834 5595 ap.

206 5595 260 5636 '¹⁰¹¹
280 5582 398 5639 1111111111
422 5585 812 5658 11111111111111111111,111
839 5600 993 5669 temporalia
1048 5608 1178 5675 incausto,
1204 5612 1272 5681 ignis
1296 5628 1432 5684 nurrquanr
1453 5615 1489 5673 ds
1511 5617 1588 5674 altari
1614 5619 1746 5689 micha:
1766 5634 1834 5700 quis,

207 5669 304 5731 intuitu
328 5678 438 5748 latoris,
453 5691 499 5739 ant
513 5686 645 5741 commodi
669 5686 780 5760 iaciunt,
796 5697 926 5754 sententia
947 5697 994 5756 ire
1048 5702 1191 5774 absumpto
1220 5706 1339 5777 periente
1364 5710 1437 5766 onrni
1463 5725 1563 5783 genere
1589 5712 1754 5786 laborandi,
1783 5726 1836 5784 suia
1886 5734 1893 5817 Ι·
