3794 6120
130 274 184 333 idi
380 273 479 329 bEbAE
500 270 727 328 debellabitis
744 270 884 328 decubat
905 268 993 326 ctus
1012 270 1044 326 tt.
1069 301 1099 312 -
1116 260 1314 327 ‘exectttct
1334 268 1494 327 cssdbtrtd.
1705 272 1760 329 gg}

130 394 226 460 marii,
247 408 279 450 an
297 393 375 447 rtrritrs
389 388 486 445 coloris
504 388 559 444 beri
575 388 732 455 debuerint,
752 387 850 456 aliquid
868 387 915 442 de·
930 389 953 445 Α
968 386 1028 440 liliis
1052 388 1139 443 daron
1163 388 1266 442 tetricas
1290 387 1375 443 lineas
1397 387 1521 457 parabis.
1547 397 1575 442 ct
1600 387 1705 446 balteos
1729 355 1772 449 aa

130 489 258 546 cernitur.
276 483 419 538 liicen'dorn
434 481 514 550 igitur
527 480 613 550 prirno
626 480 659 535 de
673 481 760 535 balteo
773 479 915 549 pontilicis,
969 479 1049 533 tiaras
1064 481 1089 532 in
1104 480 1213 547 gloriam
1229 489 1256 534 et
1270 478 1405 534 decorem.
1421 479 1496 545 Quod
1511 492 1575 533 vcro
1590 481 1714 550 seqnitur
1729 501 1737 537 :

130 581 175 651 qui
197 576 230 632 de
251 582 365 645 quatuor
386 572 521 625 colonibus
545 572 597 625 illis
618 570 789 625 nobilissimis
809 584 840 623 ac
861 569 916 624 ileo
1005 568 1095 622 docies
1113 583 1137 623 er
1154 571 1284 640 [ereduntur
1298 569 1376 634 linco,
1391 580 1442 623 etc.
1465 569 1504 624 dd
1522 583 1651 642 utrosque
1669 573 1761 639 sintul,

128 668 217 740 dignis
231 666 316 721 lamus
335 675 389 729 est;
410 664 470 733 qnia
485 671 546 731 apte
562 663 640 717 talem
656 662 766 716 baberet
782 660 915 730 pontifex,
967 670 992 713 ct
1009 661 1095 713 daron
1111 662 1213 714 scilicet
1224 672 1251 715 et
1266 659 1334 714 lilios
1347 658 1416 729 ejus,
1432 662 1499 713 sicut
1513 660 1593 715 etiam
1609 662 1664 730 ipsa
1678 663 1761 719 rerba

128 777 207 833 qoem
230 756 359 828 singulari
382 756 507 811 rirtutum
528 756 626 812 decore
649 771 755 826 semper
777 756 917 822 oportebat
968 752 1108 806 trrarrilestc
1121 751 1243 820 probant,
1260 754 1388 830 pertinen
1404 751 1497 815 cietque
1512 751 1541 804 llt
1555 761 1583 805 ut
1599 754 1689 806 dar-on
1705 754 1762 822 ipse

127 851 241 922 accingi.
256 851 325 920 Apte
338 848 455 919 pontilea
470 851 590 902 rariaote
602 846 670 902 bore
681 847 800 901 colorum
815 842 917 915 lnlgen·
966 842 1069 894 cunctis
1083 855 1142 908 qnae
1155 849 1397 894 commemorantur
1411 851 1472 894 octo
1485 841 1606 894 vestibus
1621 841 1760 909 induatur,

128 946 193 1001 titum
207 943 343 998 accinctus
355 939 503 1000 incedebat,
517 937 577 1006 qnia
589 937 656 992 sicot
668 937 736 990 alius
748 934 858 1006 quilibet
869 948 916 989 nc-
967 931 1135 986 leminalibns
1147 933 1269 986 uidelicet
1283 932 1371 996 lineis,
1386 932 1473 985 tonica
1489 930 1571 999 linea,
1587 934 1761 1004 byacintbinn

126 1049 202 1091 cesse
215 1043 256 1089 est
274 1031 402 1087 industria
417 1027 587 1083 continentiae
603 1027 789 1096 praecingatur,
805 1041 839 1080 uc
853 1039 917 1079 caro
967 1023 1189 1092 superhumerali,
1206 1021 1341 1087 rationali,
1356 1021 1455 1087 balteo,
1471 1025 1549 1087 tiara,
1563 1026 1653 1093 petalo
1667 1041 1761 1082 aureo.

127 1139 278 1196 repugnans
292 1121 396 1192 spiritui
414 1121 545 1174 internam
560 1118 656 1172 mentis
672 1133 763 1185 pacetn
776 1116 916 1186 aliqnando
968 1115 1027 1170 Fuit
1043 1131 1106 1172 uero
1121 1117 1179 1185 ejus
1194 1128 1308 1186 quatuor
1328 1125 1430 1170 tantum
1444 1131 1475 1170 er
1491 1114 1547 1183 bis,
1567 1119 1592 1171 id
1608 1128 1668 1184 est,
1686 1121 1761 1175 lemi-

127 1213 285 1278 couturbet;
304 1214 339 1265 ita
355 1208 474 1280 pontilcs
495 1222 526 1262 ac
540 1206 633 1262 doctor
648 1207 781 1271 bdelium,
800 1206 917 1262 edomito
968 1208 1081 1271 noiibus,
1106 1207 1175 1260 linea
1190 1207 1293 1272 stricta,
1309 1207 1416 1277 cingulo
1436 1216 1463 1262 et
1484 1209 1550 1262 tlara
1572 1217 1691 1265 utantur.
1712 1210 1761 1268 va-

125 1306 178 1375 jam
194 1301 269 1358 orani
287 1299 486 1370 concupiscibili
511 1310 582 1352 arrotn
605 1298 687 1350 animi
709 1298 765 1352 sire
785 1297 916 1366 corporis,
968 1314 1044 1365 rom,
1061 1297 1120 1366 quia
1133 1296 1167 1353 de
1179 1297 1284 1351 ceteris
1300 1311 1380 1367 sopra
1395 1305 1535 1353 tractatum
1549 1308 1609 1367 cst,
1623 1300 1757 1357 lemiualia

127 1397 183 1463 ipsa
193 1396 321 1449 virtutum
333 1393 416 1462 gloria
428 1390 507 1444 debet
518 1388 687 1454 circundari,
700 1389 813 1457 otjurta
825 1405 914 1443 exem·
968 1391 1025 1445 lrmc
1047 1407 1106 1458 qum
1130 1390 1355 1461 adoperiendam
1376 1393 1465 1446 carnis
1486 1393 1679 1462 turpitudinem
1703 1397 1760 1454 beri

127 1488 199 1553 ndum
216 1487 288 1541 boris
302 1485 373 1538 illius
389 1485 433 1552 qni
447 1496 571 1551 egressos
584 1493 625 1536 est
640 1481 774 1537 deradice
789 1481 874 1548 lesse,
891 1481 916 1536 id
969 1480 1137 1546 rnaodantur,
1152 1481 1223 1534 illam
1239 1481 1405 1535 castimonie
1420 1482 1582 1550 portionem,
1594 1499 1655 1554 quae
1667 1486 1703 1541 ab
1714 1503 1760 1558 ap-

125 1575 231 1631 Doudni
251 1574 398 1630 Salvatoris
418 1575 453 1628 sit
470 1573 590 1641 iustitia,
610 1571 744 1642 cingulum
766 1573 916 1626 lurnborurn
969 1570 1053 1639 petitu
1068 1570 1171 1637 copule
1187 1569 1336 1640 conjugalis
1349 1571 1466 1641 cobibet,
1483 1575 1591 1644 proprie
1606 1577 1760 1647 designant,

126 1669 197 1740 ejus,
213 1679 240 1722 ct
255 1668 320 1722 indes
336 1666 492 1720 cinctorium
510 1679 601 1718 renum
617 1665 685 1733 ejus.
703 1662 810 1717 Tetricae
827 1673 915 1718 antem
968 1665 1025 1718 sine
1040 1677 1089 1732 qua
1105 1677 1184 1718 tremo
1199 1665 1238 1718 rel
1255 1663 1434 1720 sacerdotium
1454 1669 1601 1735 suscipere,
1619 1669 1661 1725 rel
1674 1671 1708 1726 ad
1720 1673 1762 1728 al·

125 1762 213 1825 linere,
228 1769 254 1813 et
270 1759 349 1812 baltei
363 1772 394 1812 ac
407 1757 491 1821 tiarae,
505 1769 574 1824 uquam,
587 1754 647 1809 liliis
661 1754 750 1808 daron
766 1753 915 1823 ingloriam
934 1734 954 1792 Β
969 1753 1032 1806 taris
1044 1761 1131 1822 potest
1143 1753 1319 1809 ministerium
1332 1758 1494 1825 cotrsecrari,
1511 1758 1601 1828 idest,
1618 1760 1640 1814 si
1652 1775 1705 1816 noa
1716 1771 1762 1819 ast

125 1857 154 1902 et
171 1848 295 1902 decorem
316 1844 373 1900 lieri
392 1853 524 1914 praecepta
543 1850 616 1908 surrt,
637 1842 699 1911 quid
720 1843 797 1896 nobis
818 1843 915 1896 interni
968 1844 1041 1913 virgo
1056 1845 1244 1913 permanserit,
1259 1853 1307 1900 ant
1320 1855 1457 1901 contracta
1473 1851 1577 1904 utoriae
1591 1852 1761 1922 conjunctio·

125 1939 230 1992 decoris
245 1946 271 1990 et
285 1935 378 2005 gloriae
391 1933 596 1996 commendent,
613 1931 738 1984 lacillirne
753 1946 785 1985 er
802 1929 842 1985 bis
856 1945 915 1999 que
967 1935 1008 1988 nis
1031 1933 1130 1990 loedera
1154 1935 1274 1991 soluerit.
1296 1935 1373 2002 Quod
1398 1936 1522 1993 videlicet
1545 1954 1630 2009 genus
1654 1940 1761 2001 virtutis

126 2032 248 2099 superius
262 2027 384 2096 erprrsita
400 2034 472 2093 snm,
488 2022 599 2093 inteligi
615 2023 696 2078 valet.
712 2023 828 2078 Tunicas
841 2031 924 2078 narn:
967 2022 1032 2079 nulii
1047 2039 1093 2092 per
1107 2025 1193 2094 legem
1212 2025 1259 2081 ilci
1275 2025 1428 2081 necessario
1449 2026 1628 2095 imperatum,
1649 2029 1699 2085 sed
1712 2045 1760 2088 ro·

126 2136 178 2192 que
199 2120 298 2174 babent
322 2117 476 2173 sacerdotes
500 2116 603 2181 lineas,
627 2130 688 2169 cnm
712 2125 795 2169 totum
820 2129 916 2185 corpus
968 2115 1082 2170 luntaria
1101 2126 1143 2170 est
1156 2115 1300 2173 devotione
1320 2115 1436 2171 bomine
1452 2115 1637 2188 obercrrdum,
1653 2119 1762 2177 dicente

126 2228 203 2268 suum
218 2210 327 2266 candori
341 2209 472 2264 castitatis
487 2207 622 2261 dedicant.
637 2206 733 2261 balteis
746 2207 848 2262 tunicas
860 2206 916 2262 cin·
968 2209 1025 2276 ipso
1051 2206 1084 2262 de
1111 2207 1163 2263 boc
1195 2223 1201 2260 :
1235 2205 1296 2260 Non
1324 2223 1410 2261 omues
1433 2208 1537 2274 copiunt
1562 2208 1669 2262 nubem
1692 2208 1762 2265 uass

126 2312 200 2374 gunt,
226 2318 286 2358 cum
314 2302 435 2358 eamdem
461 2301 644 2356 castimoniam
672 2301 790 2370 vigilanti
820 2303 916 2357 mentis
967 2298 1073 2371 (llattlt.
1089 2299 1154 2369 att).
1176 2298 1215 2353 td
1230 2313 1308 2368 qnam
1325 2308 1412 2352 tattrco
1430 2297 1543 2368 benigna
1558 2315 1621 2355 mox
1636 2299 1763 2356 eabortt·

127 2393 247 2451 custodia
267 2391 503 2461 circumspiciunt,
524 2406 557 2446 ne
573 2390 736 2446 conscicntia
756 2392 826 2446 illius
845 2391 917 2448 desi·
968 2391 1039 2445 tiorre
1053 2405 1110 2456 eos,
1124 2391 1168 2460 qui
1184 2390 1296 2460 possint,
1312 2387 1407 2443 inritat
1421 2389 1535 2446 dicens:
1552 2391 1604 2457 Qui
1618 2403 1706 2464 petest
1720 2410 1761 2449 cs·

127 2485 257 2540 diosiores
285 2498 346 2553 erga
377 2482 506 2537 botrorum
534 2497 645 2550 operum
674 2483 802 2537 exercitia
827 2498 916 2539 rema-
968 2499 1046 2553 perc,
1069 2483 1165 2551 capior.
1188 2482 1221 2536 Et
1235 2481 1313 2550 paolo
1327 2491 1386 2550 post
1399 2483 1500 2537 eisdem
1516 2483 1561 2553 qui
1577 2484 1621 2538 rel
1636 2483 1762 2554 urooem,

127 2585 224 2640 neam,
246 2591 279 2629 nc
299 2589 345 2643 per
362 2574 515 2643 jactantiam
535 2573 714 2639 castimoniae,
735 2575 817 2643 ipsios
836 2575 915 2630 etiarn
967 2573 1008 2629 rel
1032 2573 1102 2628 alios
1124 2581 1264 2642 cognatos,
1289 2583 1317 2628 ct
1340 2571 1539 2642 implicamenta
1562 2573 1658 2630 mundi
1684 2576 1763 2647 buius

127 2666 293 2721 castimoniae
309 2663 433 2719 tnerirum
451 2662 572 2733 perdant.
587 2663 637 2728 Qui
651 2665 721 2718 enirn
738 2667 824 2719 tunica
841 2664 916 2721 talari
969 2673 1076 2734 propter
1100 2664 1187 2735 ipsura
1211 2664 1375 2735 reliquerint,
1400 2667 1554 2735 centuplum
1578 2666 1713 2737 promittit
1734 2668 1764 2726 in

128 2757 237 2812 indutos
252 2756 352 2825 absque
365 2756 472 2824 cingulo
487 2755 595 2817 incedit,
608 2754 701 2809 delinit
717 2759 815 2822 tonica,
829 2773 860 2812 ac
875 2773 917 2814 re·
968 2758 1018 2814 bac
1032 2759 1085 2813 rita
1101 2759 1257 2828 premium,
1273 2768 1301 2814 et
1315 2759 1341 2814 in
1361 2759 1461 2815 secato
1475 2760 1564 2815 tuturo
1580 2760 1666 2816 vitam
1680 2771 1763 2818 mter·

127 2848 190 2902 licto
212 2862 325 2917 corpore
351 2847 435 2901 remis
454 2854 481 2901 et
501 2845 645 2916 lrigoribns
665 2849 781 2903 intrandi
801 2851 914 2920 spatium
968 2865 1040 2906 nam.
1056 2850 1133 2905 Unde
1145 2859 1218 2906 certe
1231 2851 1315 2921 gratia
1327 2850 1505 2907 distinctionis
1520 2867 1573 2907 non
1589 2852 1699 2924 lloyses
1712 2853 1765 2912 boe

126 2937 234 3004 tribuit;
249 2937 310 3007 qnia
325 2945 350 2991 ct
367 2934 520 3006 praepeditis
533 2936 668 3006 gressibus
684 2939 824 2995 incedendi
840 2958 916 2997 nsunt
969 2940 1123 2996 indumento
1136 2941 1225 2996 vestiri
1249 2943 1337 2996 daron
1350 2951 1379 2995 et
1393 2941 1463 2997 lilios
1484 2942 1542 3012 ejus
1553 2942 1677 3015 jubetur,
1692 2946 1765 3002 sicut

126 3030 257 3092 retardat;
284 3030 325 3082 rel
350 3027 429 3082 ctiam
453 3027 618 3083 calcantibus
643 3044 673 3083 se
698 3045 777 3086 caasa
802 3031 915 3088 elicitur
969 3033 1002 3088 de
1016 3033 1149 3103 prioribus
1163 3033 1260 3088 dicitur
1275 3050 1283 3087 ι
1299 3032 1456 3101 vestiesque
1471 3033 1513 3089 bis
1530 3037 1658 3094 ottonibus
1672 3039 1764 3094 daron

129 3121 222 3174 roinae.
240 3119 285 3174 Sic
300 3116 424 3172 reinduam
441 3119 596 3173 castimonia
610 3121 698 3177 canis
714 3139 785 3193 saepc
801 3127 916 3181 nonnul·
928 3078 953 3143 c
967 3124 1074 3180 tratrem
1087 3132 1208 3191 tuum,et
1218 3124 1288 3179 stilos
1298 3124 1356 3194 eius
1367 3138 1427 3179 cum
1438 3138 1480 3180 eo.
1493 3124 1546 3181 Sed
1557 3124 1652 3192 iacies,
1664 3129 1763 3198 inquit,

128 3213 159 3266 lis
183 3211 368 3266 castimoniam
389 3209 476 3264 cordis
498 3209 609 3278 adimit,
630 3227 692 3268 cum
715 3222 789 3270 tanto
808 3217 917 3288 segnius
967 3214 1099 3269 leotinaba
1114 3215 1195 3280 linea,
1209 3226 1236 3269 ut
1250 3215 1492 3285 operiantcarnem
1505 3217 1681 3289 turpitudinis
1694 3235 1763 3279 σοι.

128 3303 206 3357 bonis
226 3300 349 3355 insistere
367 3301 493 3369 operibns
516 3311 625 3367 curant,
641 3307 842 3372 quantominus
858 3323 916 3378 per·
967 3305 1037 3375 ipsi,
1058 3307 1161 3376 inquit,
1182 3306 1304 3377 operiant
1318 3322 1425 3362 earnem
1446 3308 1616 3377 turpitudinis
1635 3324 1714 3376 suae,
1736 3323 1764 3366 tn

128 3391 324 3460 spiciunt,quin
337 3388 374 3443 nil
385 3389 549 3445 castimonie
561 3394 680 3448 custodia
693 3397 915 3463 absquealiorum
967 3397 1100 3452 leminalia
1124 3399 1238 3466 pontilici
1261 3407 1289 3452 et
1310 3398 1370 3453 saliis
1390 3397 1448 3467 ejus
1470 3398 1559 3465 iacies,
1574 3408 1602 3455 tu
1624 3402 1763 3459 castitatis

128 3488 270 3551 augmento
284 3481 413 3535 bonorum
427 3482 524 3550 ualeat,
536 3498 597 3553 qnae
609 3493 709 3554 tamen,
723 3488 855 3558 adjunctis
869 3492 917 3546 bo·
967 3490 1084 3559 regulam
1106 3489 1226 3555 docebis,
1251 3497 1279 3543 tu
1302 3491 1488 3546 abstinendum
1510 3490 1543 3547 ab
1562 3492 1657 3547 orario
1679 3509 1762 3550 com·

128 3576 170 3631 nis
181 3573 296 3639 actibus,
312 3587 435 3643 magnam
453 3574 560 3629 ltabemi
575 3575 688 3644 gloriam
702 3580 843 3647 conquirit.
865 3580 916 3638 ile-
968 3579 1045 3648 plenu
1069 3580 1110 3636 eis
1134 3580 1178 3649 qui
1204 3581 1355 3635 sacerdotio
1381 3580 1497 3637 iuncturi
1521 3592 1582 3638 sunt
1608 3583 1760 3642 intimabis.

131 3668 211 3736 nique
232 3666 377 3736 virginibus
397 3667 486 3722 stultis
508 3667 545 3722 nil
566 3669 674 3725 castitas
698 3670 795 3740 proluit
817 3675 914 3742 earnis,
966 3668 1035 3725 dotti
1050 3681 1139 3725 tamen
1152 3670 1296 3726 dolentum
1312 3668 1465 3740 hujusmodi
1478 3674 1653 3729 continentie
1664 3673 1760 3745 jugum

129 3760 226 3829 quibus
245 3759 368 3812 ueniente
387 3772 486 3826 sponso
506 3757 594 3815 lumen
610 3758 696 3816 deluit
714 3762 824 3819 internae
844 3766 915 3835 pori·
968 3762 1106 3831 impones;
1119 3762 1166 3816 sed
1181 3760 1331 3830 quicunque
1342 3760 1495 3818 sacerdotes
1508 3763 1578 3831 lieri,
1593 3778 1626 3819 ac
1640 3767 1761 3824 ministe-

128 3850 204 3904 tatis.
221 3847 401 3918 accingantur
415 3862 480 3917 ergo
496 3847 540 3902 lilii
560 3850 648 3904 daron
669 3851 765 3906 tunicis
781 3853 872 3920 lincis,
888 3867 916 3911 nt
968 3854 1008 3906 rin
1028 3853 1129 3908 serrire
1148 3853 1238 3907 altaris
1257 3852 1360 3920 uolunt,
1381 3852 1431 3922 ipsi
1455 3868 1503 3909 sna
1528 3862 1627 3924 sponte
1646 3871 1758 3914 uxorum

129 3941 279 3996 castitatem
300 3939 424 3994 babeant.
446 3939 605 3996 Sacerdotes
624 3943 795 4014 accingantur
810 3945 914 4016 balteis,
967 3942 1036 3996 servi
1060 3956 1119 3997 esse
1142 3941 1280 3997 desistant.
1303 3942 1378 4011 Quod
1400 3941 1443 3998 ubi
1464 3942 1644 4014 perfecerint,
1670 3956 1698 4002 et
1718 3961 1758 4003 sa·

129 4051 163 4090 ne
183 4036 232 4088 ista
252 4034 361 4088 castitas
380 4032 415 4086 sit
434 4033 544 4086 remissa
564 4044 592 4087 et
611 4034 764 4105 negligens;
785 4052 818 4094 nc
837 4048 916 4094 rento
967 4043 1060 4102 sceptu
1073 4035 1155 4088 semel
1169 4034 1339 4088 continentie
1352 4034 1489 4104 proposito
1502 4035 1643 4092 urirristrns
1658 4051 1690 4094 sc
1702 4052 1757 4095 ssc-

129 4124 252 4179 clationis
267 4124 383 4176 animant
401 4122 528 4192 pcrllandi
544 4123 644 4178 aditum
661 4129 794 4195 praebeat,
810 4144 844 4184 ne
858 4144 916 4185 cre·
968 4121 1060 4176 ctuarii
1080 4132 1159 4191 atque
1180 4123 1272 4176 ³¹¹⁸?ss
1287 4121 1345 4178 s01'0
1357 4125 1545 4190 θθῐῑδθῦῑῑΰῐῑῑο
1562 4125 1653 4181 iidem
1668 4129 1709 4183 ¹⁹¹
1723 4129 1755 4183 dl·

128 4227 219 4272 scente
233 4213 383 4284 iniquitate,
395 4211 571 4285 refrigescere
583 4214 660 4270 iaciat
673 4218 830 4275 claritatem
846 4221 916 4291 ipso·
969 4213 1039 4278 lint.
1054 4228 1114 4284 quae
1129 4214 1201 4269 velot
1214 4223 1339 4269 caeterum
1353 4215 1422 4270 illius
1437 4215 1557 4271 babitare
1572 4220 1753 4278 sacerdotibus

128 4324 206 4375 rura,
234 4323 268 4364 nc
292 4307 421 4362 bormrnm
445 4322 552 4377 gressus
579 4323 688 4376 operum
709 4311 836 4379 jactantia
859 4330 916 4372 surse
968 4318 1114 4373 ⁰⁰¹¹ssi⁰⁰m
1130 4304 1280 4374 imponens,
1296 4305 1430 4375 li¹¹⁰ll¹⁰d0
1443 4306 1593 4366 ’ῙῙΘΜΘΙ
1607 4310 1755 4370 distendi·

129 4396 345 4468 presumptionis
376 4396 521 4464 impediat,
557 4413 590 4452 ne
619 4400 764 4468 prepedito
789 4393 1050 4499 rirtutnrunbml
1069 4395 1237 4451 ²hli¹ld²sslei
1257 4397 1392 4463 insidiiis
1408 4399 1635 4473 wdssttttlettsque
1654 4413 1756 4474 sportis·

128 4502 225 4552 cursu,
242 4487 298 4556 ipsa
314 4487 393 4542 etiam
407 4487 542 4543 terrestris
554 4491 777 4559 concupiscentiae
791 4495 914 4551 sordibus·
970 4501 1026 4540 '¹0³³
1040 4486 1158 4555 limum
1172 4485 1306 4542 ‘molioni
1317 4528 1325 4552 ‚
1338 4488 1446 4558 dignum
1458 4490 1612 4551 sacerdotio
1623 4492 1710 4551 dacus
1720 4508 1755 4553 aa

129 4576 228 4647 polluta
249 4577 374 4643 vilescat,
394 4585 421 4632 ct
440 4579 471 4631 ad
493 4579 614 4634 ultimum
634 4591 768 4639 auctorem
787 4601 864 4642 suum
883 4590 916 4644 ad
969 4575 1086 4647 Ρῑθῐῑῑῑῐθ,
1100 4577 1478 4647 billeiflaessslisswssffldlssll·
1493 4583 1758 4654 mlffil'lwldilsldl

128 4666 233 4723 ruinam
249 4667 426 4736 superbiendo
441 4668 569 4738 impellat.
593 4673 709 4727 decincti
725 4685 812 4730 autem
828 4693 918 4734 sacer·
969 4669 1126 4737 libidimis·
1142 4668 1309 4736 humilitatis,
1330 4671 1433 4726 il¹¹¹⁰ll⁸
1447 4671 1573 4739 ὓῠωῑοῑ,
1589 4686 1760 4738 caeterorant·

129 4756 205 4813 dntcs
219 4755 348 4826 accipiant
364 4766 391 4812 et
404 4759 484 4814 tiaras
500 4761 525 4815 io
540 4763 684 4833 capitibus,
697 4775 726 4820 nt
738 4777 798 4836 post
809 4770 919 4839 vigilan.
970 4780 1023 4834 qne
1036 4764 1185 4833 btrjusmodi
1206 4775 1422 4820 ornamentorum
1440 4768 1623 4838 superaddam
1644 4773 1760 4846 alioquin

130 4860 184 4905 tcm
197 4860 223 4905 et
238 4850 460 4920 circumspectam
471 4868 608 4924 corporeae
620 4857 748 4914 castitatis
759 4862 917 4929 custodiam,
970 4859 1117 4929 iniqnitatis
1137 4859 1175 4913 rei
1196 4859 1353 4914 moriuntur.
1376 4859 1488 4916 llortem
1507 4876 1627 4935 namque
1645 4867 1761 4923 cerristi·

132 4943 216 5014 ipsius
234 4941 315 4997 ctiam
336 4941 418 5008 risus,
439 4943 553 5012 auditus,
577 4960 681 5019 gustus,
697 4959 725 5005 et
738 4950 850 5008 ollactus
865 4953 920 5010 beo
971 4967 1042 5007 nram
1053 4952 1164 5007 incurrit
1174 4952 1281 5021 animae,
1293 4953 1315 5007 si
1329 4953 1389 5023 quis
1403 4954 1540 5010 luxuriose
1552 4956 1660 5025 niveas,
1673 4973 1761 5017 ussa

131 5035 220 5104 dliii,
236 5043 264 5089 0¹
275 5034 394 5089 ⁰⁰⁵l⁰l¹l²
408 5045 529 5093 lessellltr
541 5048 566 5094 0¹
582 5054 655 5094 lum·
971 5047 1088 5106 deitatem
1104 5045 1153 5102 sibi
1168 5061 1295 5114 usurpare
1308 5047 1420 5117 gradata
1435 5049 1584 5115 praeemit.
1600 5049 1654 5118 Qui
1668 5066 1761 5111 sensus

437 5126 549 5182 chll'r
569 5127 613 5183 ΙΧ·
972 5138 1195 5210 subsequentibus
1221 5153 1326 5209 qnoque
1353 5139 1456 5194 bomini
1481 5141 1572 5196 verbs
1601 5142 1761 5213 aldrotatrtr,

447 5216 600 5279 tht'lflll'ss·
972 5235 1066 5306 quibus
1079 5242 1139 5302 post
1152 5246 1234 5300 qranca
1249 5231 1383 5302 subjungit
1397 5250 1405 5284 a

169 5312 315 5385 vestiesque
335 5311 374 5366 lrir
394 5312 509 5367 cornibus
528 5314 615 5367 deren
635 5315 740 5386 fratrem
760 5327 844 5386 tuum,
866 5329 918 5377 etc.
945 5385 948 5392 ¹
1008 5325 1105 5396 (Esod.
1120 5325 1208 5393 stra.)
1221 5322 1334 5394 Cumque
1348 5323 1437 5377 inanis
1451 5333 1551 5391 petrem
1561 5341 1623 5381 strat
1635 5328 1700 5398 liliis
1712 5331 1762 5387 ssia

132 5403 262 5460 Omnibus
281 5405 387 5475 quidem
408 5403 448 5459 bis
469 5405 621 5463 resticndus
639 5418 698 5464 erat
717 5412 805 5466 Aaron
826 5424 852 5469 et
873 5413 921 5471 dlii
971 5433 1049 5487 equo,
1065 5424 1117 5472 etc.
1138 5416 1203 5470 Nam
1224 5430 1312 5486 neque
1330 5416 1374 5471 bie
1392 5415 1490 5489 aliquid
1507 5414 1545 5473 dc
1561 5417 1761 5480 seminalibuss

131 5493 206 5564 eius;
228 5494 276 5550 sed
296 5508 327 5550 ea
342 5495 531 5564 distinctione,
547 5508 576 5551 ut
597 5499 653 5569 ipse
667 5501 776 5571 quidem
797 5506 921 5562 ornatibus
973 5505 1064 5575 ttoyse
1076 5503 1240 5574 accipiendis
1255 5505 1407 5575 praecipitor
1421 5525 1428 5560 ι
1444 5506 1515 5563 unde
1528 5506 1633 5580 liquido
1646 5522 1761 5579 camut.

133 5583 176 5639 bis
189 5594 316 5653 uteretur,
333 5587 378 5643 lilii
394 5597 482 5645 autern
497 5589 599 5648 ultimis
618 5594 712 5660 tribus,
734 5609 795 5666 que
814 5597 921 5654 illorum
972 5597 1042 5665 qnod
1059 5612 1088 5652 se
1108 5595 1159 5652 boc
1177 5610 1275 5667 genere
1288 5595 1439 5654 vestimenti
1454 5594 1513 5669 ipss
1533 5599 1610 5669 prius
1630 5602 1722 5660 daron
1733 5617 1764 5660 ac

134 5675 241 5743 proprie
262 5677 361 5733 nomini
383 5680 497 5751 ascripta
519 5688 595 5748 sunt,
618 5697 678 5741 oum
698 5684 816 5742 dicitur:
836 5687 921 5747 Porro
973 5685 1018 5744 biii
1033 5686 1091 5758 cius
1105 5685 1261 5758 induerant,
1278 5695 1304 5745 et
1316 5687 1356 5746 sic
1368 5687 1401 5745 ad
1416 5702 1524 5747 nanum
1537 5690 1626 5760 iderti
1641 5691 1759 5759 iurandi,
